Order Number,owner,Volume,Price,Side,Symbol,Timestamp
ORD00001,FemboyLover_Oct28Test,11900.0,42.25,Buy,GPSC,2025-10-28 09:56:31
ORD00002,FemboyLover_Oct28Test,11900.0,42.75,Sell,GPSC,2025-10-28 09:56:39
ORD00003,FemboyLover_Oct28Test,9600.0,52.25,Buy,CPN,2025-10-28 09:56:17
ORD00004,FemboyLover_Oct28Test,17200.0,29.25,Buy,KTC,2025-10-28 09:58:11
ORD00005,FemboyLover_Oct28Test,17200.0,29.25,Buy,BCP,2025-10-28 10:02:28
ORD00006,FemboyLover_Oct28Test,17200.0,29.75,Sell,BCP,2025-10-28 10:02:35
ORD00007,FemboyLover_Oct28Test,17200.0,29.25,Buy,BCP,2025-10-28 10:02:48
ORD00008,FemboyLover_Oct28Test,17200.0,29.75,Sell,BCP,2025-10-28 10:02:52
ORD00009,FemboyLover_Oct28Test,17200.0,29.25,Buy,BCP,2025-10-28 10:04:18
ORD00010,FemboyLover_Oct28Test,17200.0,29.75,Sell,BCP,2025-10-28 10:06:57
ORD00011,FemboyLover_Oct28Test,17200.0,29.25,Buy,BCP,2025-10-28 10:08:38
ORD00012,FemboyLover_Oct28Test,11900.0,42.25,Buy,GPSC,2025-10-28 10:02:35
ORD00013,FemboyLover_Oct28Test,9600.0,52.75,Sell,CPN,2025-10-28 09:57:06
ORD00014,FemboyLover_Oct28Test,12500.0,40.25,Buy,MTC,2025-10-28 10:08:21
ORD00015,FemboyLover_Oct28Test,17200.0,29.75,Sell,KTC,2025-10-28 10:03:51
ORD00016,FemboyLover_Oct28Test,12500.0,40.75,Sell,MTC,2025-10-28 10:08:22
ORD00017,FemboyLover_Oct28Test,12500.0,40.25,Buy,MTC,2025-10-28 10:08:31
ORD00018,FemboyLover_Oct28Test,12500.0,40.75,Sell,MTC,2025-10-28 10:08:31
ORD00019,FemboyLover_Oct28Test,11900.0,42.75,Sell,GPSC,2025-10-28 10:05:40
ORD00020,FemboyLover_Oct28Test,12500.0,40.25,Buy,MTC,2025-10-28 10:08:39
ORD00021,FemboyLover_Oct28Test,11900.0,42.25,Buy,GPSC,2025-10-28 10:05:51
ORD00022,FemboyLover_Oct28Test,12500.0,40.75,Sell,MTC,2025-10-28 10:09:01
ORD00023,FemboyLover_Oct28Test,12500.0,40.25,Buy,MTC,2025-10-28 10:09:02
ORD00024,FemboyLover_Oct28Test,9800.0,51.25,Buy,TCAP,2025-10-28 10:39:11
ORD00025,FemboyLover_Oct28Test,9800.0,51.75,Sell,TCAP,2025-10-28 10:42:42
ORD00026,FemboyLover_Oct28Test,9800.0,51.25,Buy,TCAP,2025-10-28 10:44:12
ORD00027,FemboyLover_Oct28Test,11900.0,42.75,Sell,GPSC,2025-10-28 10:08:02
ORD00028,FemboyLover_Oct28Test,9800.0,51.75,Sell,TCAP,2025-10-28 10:49:53
ORD00029,FemboyLover_Oct28Test,11900.0,42.25,Buy,GPSC,2025-10-28 10:08:07
ORD00030,FemboyLover_Oct28Test,9800.0,51.25,Buy,TCAP,2025-10-28 10:53:34
ORD00031,FemboyLover_Oct28Test,9800.0,51.75,Sell,TCAP,2025-10-28 10:53:35
ORD00032,FemboyLover_Oct28Test,9800.0,51.25,Buy,TCAP,2025-10-28 10:54:13
ORD00033,FemboyLover_Oct28Test,9800.0,51.75,Sell,TCAP,2025-10-28 10:54:50
ORD00034,FemboyLover_Oct28Test,14200.0,35.25,Buy,TOP,2025-10-28 10:23:48
ORD00035,FemboyLover_Oct28Test,14200.0,35.75,Sell,TOP,2025-10-28 10:23:48
ORD00036,FemboyLover_Oct28Test,14200.0,35.25,Buy,TOP,2025-10-28 10:23:48
ORD00037,FemboyLover_Oct28Test,14200.0,35.75,Sell,TOP,2025-10-28 10:23:52
ORD00038,FemboyLover_Oct28Test,9800.0,51.25,Buy,TCAP,2025-10-28 10:56:01
ORD00039,FemboyLover_Oct28Test,9800.0,51.75,Sell,TCAP,2025-10-28 10:57:46
ORD00040,FemboyLover_Oct28Test,17200.0,29.75,Sell,BCP,2025-10-28 10:10:51
ORD00041,FemboyLover_Oct28Test,9800.0,51.25,Buy,TCAP,2025-10-28 10:58:17
ORD00042,FemboyLover_Oct28Test,9800.0,51.75,Sell,TCAP,2025-10-28 11:01:38
ORD00043,FemboyLover_Oct28Test,20000.0,25.25,Buy,COM7,2025-10-28 10:48:53
ORD00044,FemboyLover_Oct28Test,9800.0,51.25,Buy,TCAP,2025-10-28 11:03:03
ORD00045,FemboyLover_Oct28Test,11100.0,45.25,Buy,CBG,2025-10-28 10:04:18
ORD00046,FemboyLover_Oct28Test,9800.0,51.75,Sell,TCAP,2025-10-28 11:07:18
ORD00047,FemboyLover_Oct28Test,7800.0,64.25,Buy,KKP,2025-10-28 10:06:31
ORD00048,FemboyLover_Oct28Test,9800.0,51.25,Buy,TCAP,2025-10-28 11:08:15
ORD00049,FemboyLover_Oct28Test,9800.0,51.75,Sell,TCAP,2025-10-28 11:08:20
ORD00050,FemboyLover_Oct28Test,12500.0,40.75,Sell,MTC,2025-10-28 10:10:31
ORD00051,FemboyLover_Oct28Test,9800.0,51.25,Buy,TCAP,2025-10-28 11:10:44
ORD00052,FemboyLover_Oct28Test,14200.0,35.25,Buy,TOP,2025-10-28 10:30:47
ORD00053,FemboyLover_Oct28Test,9800.0,51.75,Sell,TCAP,2025-10-28 11:14:01
ORD00054,FemboyLover_Oct28Test,14200.0,35.75,Sell,TOP,2025-10-28 10:30:47
ORD00055,FemboyLover_Oct28Test,12500.0,40.25,Buy,MTC,2025-10-28 10:12:27
ORD00056,FemboyLover_Oct28Test,9800.0,51.25,Buy,TCAP,2025-10-28 11:15:10
ORD00057,FemboyLover_Oct28Test,14200.0,35.25,Buy,TOP,2025-10-28 10:30:47
ORD00058,FemboyLover_Oct28Test,12500.0,40.75,Sell,MTC,2025-10-28 10:12:44
ORD00059,FemboyLover_Oct28Test,9800.0,51.75,Sell,TCAP,2025-10-28 11:17:19
ORD00060,FemboyLover_Oct28Test,14200.0,35.75,Sell,TOP,2025-10-28 10:30:50
ORD00061,FemboyLover_Oct28Test,9800.0,51.25,Buy,TCAP,2025-10-28 11:17:45
ORD00062,FemboyLover_Oct28Test,9800.0,51.75,Sell,TCAP,2025-10-28 11:18:03
ORD00063,FemboyLover_Oct28Test,9800.0,51.25,Buy,TCAP,2025-10-28 11:19:43
ORD00064,FemboyLover_Oct28Test,20000.0,25.75,Sell,COM7,2025-10-28 10:48:53
ORD00065,FemboyLover_Oct28Test,9800.0,51.75,Sell,TCAP,2025-10-28 11:19:58
ORD00066,FemboyLover_Oct28Test,11100.0,45.75,Sell,CBG,2025-10-28 10:04:47
ORD00067,FemboyLover_Oct28Test,20000.0,25.25,Buy,COM7,2025-10-28 10:48:53
ORD00068,FemboyLover_Oct28Test,11100.0,45.25,Buy,CBG,2025-10-28 10:04:51
ORD00069,FemboyLover_Oct28Test,9800.0,51.25,Buy,TCAP,2025-10-28 11:21:45
ORD00070,FemboyLover_Oct28Test,9800.0,51.75,Sell,TCAP,2025-10-28 11:22:42
ORD00071,FemboyLover_Oct28Test,20000.0,25.75,Sell,COM7,2025-10-28 10:48:53
ORD00072,FemboyLover_Oct28Test,9800.0,51.25,Buy,TCAP,2025-10-28 11:23:41
ORD00073,FemboyLover_Oct28Test,20000.0,25.25,Buy,COM7,2025-10-28 10:48:53
ORD00074,FemboyLover_Oct28Test,9800.0,51.75,Sell,TCAP,2025-10-28 11:23:59
ORD00075,FemboyLover_Oct28Test,11100.0,45.75,Sell,CBG,2025-10-28 10:05:03
ORD00076,FemboyLover_Oct28Test,11100.0,45.25,Buy,CBG,2025-10-28 10:05:04
ORD00077,FemboyLover_Oct28Test,20000.0,25.75,Sell,COM7,2025-10-28 10:48:53
ORD00078,FemboyLover_Oct28Test,9800.0,51.25,Buy,TCAP,2025-10-28 11:26:04
ORD00079,FemboyLover_Oct28Test,11100.0,45.75,Sell,CBG,2025-10-28 10:05:34
ORD00080,FemboyLover_Oct28Test,20000.0,25.25,Buy,COM7,2025-10-28 10:48:53
ORD00081,FemboyLover_Oct28Test,9800.0,51.75,Sell,TCAP,2025-10-28 11:29:32
ORD00082,FemboyLover_Oct28Test,20000.0,25.75,Sell,COM7,2025-10-28 10:48:53
ORD00083,FemboyLover_Oct28Test,11100.0,45.25,Buy,CBG,2025-10-28 10:05:42
ORD00084,FemboyLover_Oct28Test,7800.0,64.75,Sell,KKP,2025-10-28 10:06:36
ORD00085,FemboyLover_Oct28Test,20000.0,25.25,Buy,COM7,2025-10-28 10:48:53
ORD00086,FemboyLover_Oct28Test,9800.0,51.25,Buy,TCAP,2025-10-28 11:30:27
ORD00087,FemboyLover_Oct28Test,20000.0,25.75,Sell,COM7,2025-10-28 10:48:53
ORD00088,FemboyLover_Oct28Test,9800.0,51.75,Sell,TCAP,2025-10-28 11:31:02
ORD00089,FemboyLover_Oct28Test,20000.0,25.25,Buy,COM7,2025-10-28 10:48:53
ORD00090,FemboyLover_Oct28Test,20000.0,25.75,Sell,COM7,2025-10-28 10:48:53
ORD00091,FemboyLover_Oct28Test,22700.0,22.1,Buy,MINT,2025-10-28 10:31:03
ORD00092,FemboyLover_Oct28Test,9800.0,51.25,Buy,TCAP,2025-10-28 11:32:29
ORD00093,FemboyLover_Oct28Test,20000.0,25.25,Buy,COM7,2025-10-28 10:48:53
ORD00094,FemboyLover_Oct28Test,22700.0,22.9,Sell,MINT,2025-10-28 10:31:47
ORD00095,FemboyLover_Oct28Test,9800.0,51.75,Sell,TCAP,2025-10-28 11:32:40
ORD00096,FemboyLover_Oct28Test,20000.0,25.75,Sell,COM7,2025-10-28 10:48:53
ORD00097,FemboyLover_Oct28Test,9800.0,51.25,Buy,TCAP,2025-10-28 11:34:24
ORD00098,FemboyLover_Oct28Test,20000.0,25.25,Buy,COM7,2025-10-28 10:48:53
ORD00099,FemboyLover_Oct28Test,22700.0,22.1,Buy,MINT,2025-10-28 10:33:01
ORD00100,FemboyLover_Oct28Test,20000.0,25.75,Sell,COM7,2025-10-28 10:48:53
ORD00101,FemboyLover_Oct28Test,22700.0,22.9,Sell,MINT,2025-10-28 10:33:13
ORD00102,FemboyLover_Oct28Test,22700.0,22.1,Buy,MINT,2025-10-28 10:33:19
ORD00103,FemboyLover_Oct28Test,20000.0,25.25,Buy,COM7,2025-10-28 10:48:53
ORD00104,FemboyLover_Oct28Test,20000.0,25.75,Sell,COM7,2025-10-28 10:48:53
ORD00105,FemboyLover_Oct28Test,9800.0,51.75,Sell,TCAP,2025-10-28 11:34:36
ORD00106,FemboyLover_Oct28Test,20000.0,25.25,Buy,COM7,2025-10-28 10:48:53
ORD00107,FemboyLover_Oct28Test,20000.0,25.75,Sell,COM7,2025-10-28 10:48:53
ORD00108,FemboyLover_Oct28Test,22700.0,22.9,Sell,MINT,2025-10-28 10:33:52
ORD00109,FemboyLover_Oct28Test,22700.0,22.1,Buy,MINT,2025-10-28 10:34:14
ORD00110,FemboyLover_Oct28Test,20000.0,25.25,Buy,COM7,2025-10-28 10:48:54
ORD00111,FemboyLover_Oct28Test,12800.0,39.25,Buy,AOT,2025-10-28 10:18:09
ORD00112,FemboyLover_Oct28Test,12800.0,39.75,Sell,AOT,2025-10-28 10:18:09
ORD00113,FemboyLover_Oct28Test,10800.0,46.25,Buy,CPALL,2025-10-28 10:09:31
ORD00114,FemboyLover_Oct28Test,12500.0,40.25,Buy,MTC,2025-10-28 10:21:29
ORD00115,FemboyLover_Oct28Test,12500.0,40.75,Sell,MTC,2025-10-28 10:21:29
ORD00116,FemboyLover_Oct28Test,10800.0,46.75,Sell,CPALL,2025-10-28 10:09:32
ORD00117,FemboyLover_Oct28Test,20000.0,25.75,Sell,COM7,2025-10-28 10:49:16
ORD00118,FemboyLover_Oct28Test,10800.0,46.25,Buy,CPALL,2025-10-28 10:09:42
ORD00119,FemboyLover_Oct28Test,20000.0,25.25,Buy,COM7,2025-10-28 10:49:23
ORD00120,FemboyLover_Oct28Test,10800.0,46.75,Sell,CPALL,2025-10-28 10:09:43
ORD00121,FemboyLover_Oct28Test,10800.0,46.25,Buy,CPALL,2025-10-28 10:09:52
ORD00122,FemboyLover_Oct28Test,10800.0,46.75,Sell,CPALL,2025-10-28 10:09:56
ORD00123,FemboyLover_Oct28Test,10800.0,46.25,Buy,CPALL,2025-10-28 10:09:57
ORD00124,FemboyLover_Oct28Test,12500.0,40.25,Buy,MTC,2025-10-28 10:27:57
ORD00125,FemboyLover_Oct28Test,10800.0,46.75,Sell,CPALL,2025-10-28 10:10:08
ORD00126,FemboyLover_Oct28Test,22700.0,22.9,Sell,MINT,2025-10-28 10:35:23
ORD00127,FemboyLover_Oct28Test,20000.0,25.75,Sell,COM7,2025-10-28 10:49:46
ORD00128,FemboyLover_Oct28Test,20000.0,25.25,Buy,COM7,2025-10-28 10:49:51
ORD00129,FemboyLover_Oct28Test,10800.0,46.25,Buy,CPALL,2025-10-28 10:10:17
ORD00130,FemboyLover_Oct28Test,10800.0,46.75,Sell,CPALL,2025-10-28 10:10:18
ORD00131,FemboyLover_Oct28Test,22700.0,22.1,Buy,MINT,2025-10-28 10:35:42
ORD00132,FemboyLover_Oct28Test,10800.0,46.25,Buy,CPALL,2025-10-28 10:10:25
ORD00133,FemboyLover_Oct28Test,10800.0,46.75,Sell,CPALL,2025-10-28 10:10:30
ORD00134,FemboyLover_Oct28Test,22700.0,22.9,Sell,MINT,2025-10-28 10:39:25
ORD00135,FemboyLover_Oct28Test,22700.0,22.1,Buy,MINT,2025-10-28 10:44:51
ORD00136,FemboyLover_Oct28Test,22700.0,22.9,Sell,MINT,2025-10-28 10:45:39
ORD00137,FemboyLover_Oct28Test,22700.0,22.1,Buy,MINT,2025-10-28 10:45:53
ORD00138,FemboyLover_Oct28Test,22700.0,22.9,Sell,MINT,2025-10-28 10:49:52
ORD00139,FemboyLover_Oct28Test,22700.0,22.1,Buy,MINT,2025-10-28 10:52:37
ORD00140,FemboyLover_Oct28Test,22700.0,22.9,Sell,MINT,2025-10-28 10:52:37
ORD00141,FemboyLover_Oct28Test,23800.0,21.1,Buy,TIDLOR,2025-10-28 10:26:50
ORD00142,FemboyLover_Oct28Test,23800.0,21.9,Sell,TIDLOR,2025-10-28 10:26:50
ORD00143,FemboyLover_Oct28Test,22700.0,22.1,Buy,MINT,2025-10-28 10:57:26
ORD00144,FemboyLover_Oct28Test,10800.0,46.25,Buy,CPALL,2025-10-28 10:12:29
ORD00145,FemboyLover_Oct28Test,22700.0,22.9,Sell,MINT,2025-10-28 10:57:37
ORD00146,FemboyLover_Oct28Test,20000.0,25.75,Sell,COM7,2025-10-28 10:50:51
ORD00147,FemboyLover_Oct28Test,22700.0,22.1,Buy,MINT,2025-10-28 10:57:57
ORD00148,FemboyLover_Oct28Test,22700.0,22.9,Sell,MINT,2025-10-28 10:58:22
ORD00149,FemboyLover_Oct28Test,22700.0,22.1,Buy,MINT,2025-10-28 10:58:35
ORD00150,FemboyLover_Oct28Test,22700.0,22.9,Sell,MINT,2025-10-28 11:00:23
ORD00151,FemboyLover_Oct28Test,22700.0,22.1,Buy,MINT,2025-10-28 11:00:40
ORD00152,FemboyLover_Oct28Test,22700.0,22.9,Sell,MINT,2025-10-28 11:00:40
ORD00153,FemboyLover_Oct28Test,10800.0,46.75,Sell,CPALL,2025-10-28 10:12:36
ORD00154,FemboyLover_Oct28Test,10800.0,46.25,Buy,CPALL,2025-10-28 10:12:49
ORD00155,FemboyLover_Oct28Test,23800.0,21.1,Buy,TIDLOR,2025-10-28 10:26:52
ORD00156,FemboyLover_Oct28Test,11100.0,45.75,Sell,CBG,2025-10-28 10:12:46
ORD00157,FemboyLover_Oct28Test,10800.0,46.75,Sell,CPALL,2025-10-28 10:13:06
ORD00158,FemboyLover_Oct28Test,10800.0,46.25,Buy,CPALL,2025-10-28 10:13:07
ORD00159,FemboyLover_Oct28Test,10800.0,46.75,Sell,CPALL,2025-10-28 10:13:17
ORD00160,FemboyLover_Oct28Test,23800.0,21.9,Sell,TIDLOR,2025-10-28 10:27:21
ORD00161,FemboyLover_Oct28Test,10800.0,46.25,Buy,CPALL,2025-10-28 10:13:17
ORD00162,FemboyLover_Oct28Test,23800.0,21.1,Buy,TIDLOR,2025-10-28 10:27:25
ORD00163,FemboyLover_Oct28Test,23800.0,21.9,Sell,TIDLOR,2025-10-28 10:27:32
ORD00164,FemboyLover_Oct28Test,10800.0,46.75,Sell,CPALL,2025-10-28 10:13:21
ORD00165,FemboyLover_Oct28Test,23800.0,21.1,Buy,TIDLOR,2025-10-28 10:27:38
ORD00166,FemboyLover_Oct28Test,10800.0,46.25,Buy,CPALL,2025-10-28 10:13:25
ORD00167,FemboyLover_Oct28Test,10800.0,46.75,Sell,CPALL,2025-10-28 10:13:28
ORD00168,FemboyLover_Oct28Test,10800.0,46.25,Buy,CPALL,2025-10-28 10:13:36
ORD00169,FemboyLover_Oct28Test,10800.0,46.75,Sell,CPALL,2025-10-28 10:13:39
ORD00170,FemboyLover_Oct28Test,4000.0,124.5,Buy,EGCO,2025-10-28 10:13:57
ORD00171,FemboyLover_Oct28Test,10800.0,46.25,Buy,CPALL,2025-10-28 10:14:01
ORD00172,FemboyLover_Oct28Test,10800.0,46.75,Sell,CPALL,2025-10-28 10:14:06
ORD00173,FemboyLover_Oct28Test,10800.0,46.25,Buy,CPALL,2025-10-28 10:14:38
ORD00174,FemboyLover_Oct28Test,10800.0,46.75,Sell,CPALL,2025-10-28 10:14:39
ORD00175,FemboyLover_Oct28Test,10800.0,46.25,Buy,CPALL,2025-10-28 10:14:55
ORD00176,FemboyLover_Oct28Test,10800.0,46.75,Sell,CPALL,2025-10-28 10:14:55
ORD00177,FemboyLover_Oct28Test,10800.0,46.25,Buy,CPALL,2025-10-28 10:15:54
ORD00178,FemboyLover_Oct28Test,10800.0,46.75,Sell,CPALL,2025-10-28 10:15:56
ORD00179,FemboyLover_Oct28Test,10800.0,46.25,Buy,CPALL,2025-10-28 10:15:57
ORD00180,FemboyLover_Oct28Test,10800.0,46.75,Sell,CPALL,2025-10-28 10:16:00
ORD00181,FemboyLover_Oct28Test,10800.0,46.25,Buy,CPALL,2025-10-28 10:16:35
ORD00182,FemboyLover_Oct28Test,10800.0,46.75,Sell,CPALL,2025-10-28 10:16:35
ORD00183,FemboyLover_Oct28Test,10800.0,46.25,Buy,CPALL,2025-10-28 10:16:35
ORD00184,FemboyLover_Oct28Test,10800.0,46.75,Sell,CPALL,2025-10-28 10:16:58
ORD00185,FemboyLover_Oct28Test,10800.0,46.25,Buy,CPALL,2025-10-28 10:17:02
ORD00186,FemboyLover_Oct28Test,11100.0,45.25,Buy,GULF,2025-10-28 10:11:44
ORD00187,FemboyLover_Oct28Test,10800.0,46.75,Sell,CPALL,2025-10-28 10:17:15
ORD00188,FemboyLover_Oct28Test,11100.0,45.75,Sell,GULF,2025-10-28 10:11:55
ORD00189,FemboyLover_Oct28Test,10800.0,46.25,Buy,CPALL,2025-10-28 10:17:29
ORD00190,FemboyLover_Oct28Test,10800.0,46.75,Sell,CPALL,2025-10-28 10:17:29
ORD00191,FemboyLover_Oct28Test,11100.0,45.25,Buy,GULF,2025-10-28 10:12:01
ORD00192,FemboyLover_Oct28Test,10800.0,46.25,Buy,CPALL,2025-10-28 10:17:38
ORD00193,FemboyLover_Oct28Test,11100.0,45.75,Sell,GULF,2025-10-28 10:12:28
ORD00194,FemboyLover_Oct28Test,11100.0,45.25,Buy,GULF,2025-10-28 10:12:33
ORD00195,FemboyLover_Oct28Test,10800.0,46.75,Sell,CPALL,2025-10-28 10:18:12
ORD00196,FemboyLover_Oct28Test,11100.0,45.75,Sell,GULF,2025-10-28 10:12:40
ORD00197,FemboyLover_Oct28Test,10800.0,46.25,Buy,CPALL,2025-10-28 10:18:34
ORD00198,FemboyLover_Oct28Test,10800.0,46.75,Sell,CPALL,2025-10-28 10:18:40
ORD00199,FemboyLover_Oct28Test,10800.0,46.25,Buy,CPALL,2025-10-28 10:18:49
ORD00200,FemboyLover_Oct28Test,11100.0,45.25,Buy,GULF,2025-10-28 10:12:52
ORD00201,FemboyLover_Oct28Test,11100.0,45.75,Sell,GULF,2025-10-28 10:12:57
ORD00202,FemboyLover_Oct28Test,9600.0,52.25,Buy,CPN,2025-10-28 10:31:49
ORD00203,FemboyLover_Oct28Test,11100.0,45.25,Buy,GULF,2025-10-28 10:13:11
ORD00204,FemboyLover_Oct28Test,9600.0,52.75,Sell,CPN,2025-10-28 10:32:05
ORD00205,FemboyLover_Oct28Test,11100.0,45.75,Sell,GULF,2025-10-28 10:13:13
ORD00206,FemboyLover_Oct28Test,9600.0,52.25,Buy,CPN,2025-10-28 10:33:04
ORD00207,FemboyLover_Oct28Test,9600.0,52.75,Sell,CPN,2025-10-28 10:33:40
ORD00208,FemboyLover_Oct28Test,9600.0,52.25,Buy,CPN,2025-10-28 10:33:53
ORD00209,FemboyLover_Oct28Test,9600.0,52.75,Sell,CPN,2025-10-28 10:33:53
ORD00210,FemboyLover_Oct28Test,9600.0,52.25,Buy,CPN,2025-10-28 10:33:53
ORD00211,FemboyLover_Oct28Test,9600.0,52.75,Sell,CPN,2025-10-28 10:33:53
ORD00212,FemboyLover_Oct28Test,9600.0,52.25,Buy,CPN,2025-10-28 10:33:53
ORD00213,FemboyLover_Oct28Test,11100.0,45.25,Buy,GULF,2025-10-28 10:13:29
ORD00214,FemboyLover_Oct28Test,9600.0,52.75,Sell,CPN,2025-10-28 10:33:53
ORD00215,FemboyLover_Oct28Test,11100.0,45.75,Sell,GULF,2025-10-28 10:13:30
ORD00216,FemboyLover_Oct28Test,9600.0,52.25,Buy,CPN,2025-10-28 10:34:47
ORD00217,FemboyLover_Oct28Test,11100.0,45.25,Buy,GULF,2025-10-28 10:13:40
ORD00218,FemboyLover_Oct28Test,11100.0,45.75,Sell,GULF,2025-10-28 10:13:41
ORD00219,FemboyLover_Oct28Test,10800.0,46.75,Sell,CPALL,2025-10-28 10:18:50
ORD00220,FemboyLover_Oct28Test,11100.0,45.25,Buy,GULF,2025-10-28 10:13:47
ORD00221,FemboyLover_Oct28Test,12500.0,40.75,Sell,MTC,2025-10-28 11:00:13
ORD00222,FemboyLover_Oct28Test,11100.0,45.75,Sell,GULF,2025-10-28 10:13:47
ORD00223,FemboyLover_Oct28Test,23800.0,21.9,Sell,TIDLOR,2025-10-28 10:52:09
ORD00224,FemboyLover_Oct28Test,23800.0,21.1,Buy,TIDLOR,2025-10-28 10:54:03
ORD00225,FemboyLover_Oct28Test,23800.0,21.9,Sell,TIDLOR,2025-10-28 10:57:15
ORD00226,FemboyLover_Oct28Test,23800.0,21.1,Buy,TIDLOR,2025-10-28 10:58:07
ORD00227,FemboyLover_Oct28Test,23800.0,21.9,Sell,TIDLOR,2025-10-28 10:58:12
ORD00228,FemboyLover_Oct28Test,23800.0,21.1,Buy,TIDLOR,2025-10-28 10:59:07
ORD00229,FemboyLover_Oct28Test,23800.0,21.9,Sell,TIDLOR,2025-10-28 11:01:21
ORD00230,FemboyLover_Oct28Test,23800.0,21.1,Buy,TIDLOR,2025-10-28 11:01:39
ORD00231,FemboyLover_Oct28Test,23800.0,21.9,Sell,TIDLOR,2025-10-28 11:02:58
ORD00232,FemboyLover_Oct28Test,23800.0,21.1,Buy,TIDLOR,2025-10-28 11:03:16
ORD00233,FemboyLover_Oct28Test,23800.0,21.9,Sell,TIDLOR,2025-10-28 11:04:08
ORD00234,FemboyLover_Oct28Test,23800.0,21.1,Buy,TIDLOR,2025-10-28 11:04:08
ORD00235,FemboyLover_Oct28Test,23800.0,21.9,Sell,TIDLOR,2025-10-28 11:06:19
ORD00236,FemboyLover_Oct28Test,23800.0,21.1,Buy,TIDLOR,2025-10-28 11:06:42
ORD00237,FemboyLover_Oct28Test,23800.0,21.9,Sell,TIDLOR,2025-10-28 11:06:49
ORD00238,FemboyLover_Oct28Test,23800.0,21.1,Buy,TIDLOR,2025-10-28 11:06:58
ORD00239,FemboyLover_Oct28Test,9600.0,52.75,Sell,CPN,2025-10-28 10:50:38
ORD00240,FemboyLover_Oct28Test,23800.0,21.9,Sell,TIDLOR,2025-10-28 11:09:03
ORD00241,FemboyLover_Oct28Test,23800.0,21.1,Buy,TIDLOR,2025-10-28 11:09:03
ORD00242,FemboyLover_Oct28Test,23800.0,21.9,Sell,TIDLOR,2025-10-28 11:09:03
ORD00243,FemboyLover_Oct28Test,23800.0,21.1,Buy,TIDLOR,2025-10-28 11:09:12
ORD00244,FemboyLover_Oct28Test,23800.0,21.9,Sell,TIDLOR,2025-10-28 11:09:40
ORD00245,FemboyLover_Oct28Test,23800.0,21.1,Buy,TIDLOR,2025-10-28 11:09:56
ORD00246,FemboyLover_Oct28Test,23800.0,21.9,Sell,TIDLOR,2025-10-28 11:12:26
ORD00247,FemboyLover_Oct28Test,23800.0,21.1,Buy,TIDLOR,2025-10-28 11:12:34
ORD00248,FemboyLover_Oct28Test,23800.0,21.9,Sell,TIDLOR,2025-10-28 11:14:42
ORD00249,FemboyLover_Oct28Test,11900.0,41.75,Sell,GPSC,2025-10-28 10:56:20
ORD00250,FemboyLover_Oct28Test,12100.0,41.25,Buy,GPSC,2025-10-28 10:57:07
ORD00251,FemboyLover_Oct28Test,23800.0,21.1,Buy,TIDLOR,2025-10-28 11:15:11
ORD00252,FemboyLover_Oct28Test,12100.0,41.75,Sell,GPSC,2025-10-28 10:57:30
ORD00253,FemboyLover_Oct28Test,23800.0,21.9,Sell,TIDLOR,2025-10-28 11:15:21
ORD00254,FemboyLover_Oct28Test,23800.0,21.1,Buy,TIDLOR,2025-10-28 11:15:30
ORD00255,FemboyLover_Oct28Test,23800.0,21.9,Sell,TIDLOR,2025-10-28 11:19:00
ORD00256,FemboyLover_Oct28Test,23800.0,21.1,Buy,TIDLOR,2025-10-28 11:19:11
ORD00257,FemboyLover_Oct28Test,23800.0,21.9,Sell,TIDLOR,2025-10-28 11:20:57
ORD00258,FemboyLover_Oct28Test,23800.0,21.1,Buy,TIDLOR,2025-10-28 11:21:14
ORD00259,FemboyLover_Oct28Test,23800.0,21.9,Sell,TIDLOR,2025-10-28 11:22:49
ORD00260,FemboyLover_Oct28Test,17800.0,28.25,Buy,KTC,2025-10-28 10:35:43
ORD00261,FemboyLover_Oct28Test,23800.0,21.1,Buy,TIDLOR,2025-10-28 11:23:08
ORD00262,FemboyLover_Oct28Test,2200.0,226.0,Buy,DELTA,2025-10-28 10:01:21
ORD00263,FemboyLover_Oct28Test,23800.0,21.9,Sell,TIDLOR,2025-10-28 11:25:21
ORD00264,FemboyLover_Oct28Test,23800.0,21.1,Buy,TIDLOR,2025-10-28 11:25:21
ORD00265,FemboyLover_Oct28Test,23800.0,21.9,Sell,TIDLOR,2025-10-28 11:25:21
ORD00266,FemboyLover_Oct28Test,17800.0,28.75,Sell,KTC,2025-10-28 10:35:52
ORD00267,FemboyLover_Oct28Test,17800.0,28.25,Buy,KTC,2025-10-28 10:35:54
ORD00268,FemboyLover_Oct28Test,23800.0,21.1,Buy,TIDLOR,2025-10-28 11:25:21
ORD00269,FemboyLover_Oct28Test,23800.0,21.9,Sell,TIDLOR,2025-10-28 11:25:21
ORD00270,FemboyLover_Oct28Test,17800.0,28.75,Sell,KTC,2025-10-28 10:35:56
ORD00271,FemboyLover_Oct28Test,17800.0,28.25,Buy,KTC,2025-10-28 10:35:56
ORD00272,FemboyLover_Oct28Test,17800.0,28.75,Sell,KTC,2025-10-28 10:35:56
ORD00273,FemboyLover_Oct28Test,17800.0,28.25,Buy,KTC,2025-10-28 10:35:58
ORD00274,FemboyLover_Oct28Test,17800.0,28.75,Sell,KTC,2025-10-28 10:36:01
ORD00275,FemboyLover_Oct28Test,17800.0,28.25,Buy,KTC,2025-10-28 10:36:04
ORD00276,FemboyLover_Oct28Test,17800.0,28.75,Sell,KTC,2025-10-28 10:36:08
ORD00277,FemboyLover_Oct28Test,17800.0,28.25,Buy,KTC,2025-10-28 10:36:09
ORD00278,FemboyLover_Oct28Test,17800.0,28.75,Sell,KTC,2025-10-28 10:36:10
ORD00279,FemboyLover_Oct28Test,17800.0,28.25,Buy,KTC,2025-10-28 10:36:22
ORD00280,FemboyLover_Oct28Test,17800.0,28.75,Sell,KTC,2025-10-28 10:36:24
ORD00281,FemboyLover_Oct28Test,23800.0,21.1,Buy,TIDLOR,2025-10-28 11:34:37
ORD00282,FemboyLover_Oct28Test,23800.0,21.9,Sell,TIDLOR,2025-10-28 11:34:37
ORD00283,FemboyLover_Oct28Test,23800.0,21.1,Buy,TIDLOR,2025-10-28 11:34:37
ORD00284,FemboyLover_Oct28Test,23800.0,21.9,Sell,TIDLOR,2025-10-28 11:34:37
ORD00285,FemboyLover_Oct28Test,23800.0,21.1,Buy,TIDLOR,2025-10-28 11:34:37
ORD00286,FemboyLover_Oct28Test,23800.0,21.9,Sell,TIDLOR,2025-10-28 11:34:37
ORD00287,FemboyLover_Oct28Test,2200.0,228.0,Sell,DELTA,2025-10-28 10:02:22
ORD00288,FemboyLover_Oct28Test,11100.0,45.25,Buy,GULF,2025-10-28 10:43:54
ORD00289,FemboyLover_Oct28Test,11100.0,45.75,Sell,GULF,2025-10-28 10:44:07
ORD00290,FemboyLover_Oct28Test,11100.0,45.25,Buy,GULF,2025-10-28 10:44:09
ORD00291,FemboyLover_Oct28Test,11100.0,45.75,Sell,GULF,2025-10-28 10:44:13
ORD00292,FemboyLover_Oct28Test,11100.0,45.25,Buy,GULF,2025-10-28 10:44:21
ORD00293,FemboyLover_Oct28Test,11100.0,45.75,Sell,GULF,2025-10-28 10:45:23
ORD00294,FemboyLover_Oct28Test,11100.0,45.25,Buy,GULF,2025-10-28 10:45:34
ORD00295,FemboyLover_Oct28Test,11100.0,45.75,Sell,GULF,2025-10-28 10:45:46
ORD00296,FemboyLover_Oct28Test,23800.0,21.1,Buy,TIDLOR,2025-10-28 11:38:53
ORD00297,FemboyLover_Oct28Test,11100.0,45.25,Buy,GULF,2025-10-28 10:45:53
ORD00298,FemboyLover_Oct28Test,23800.0,21.9,Sell,TIDLOR,2025-10-28 11:45:08
ORD00299,FemboyLover_Oct28Test,11100.0,45.75,Sell,GULF,2025-10-28 10:46:34
ORD00300,FemboyLover_Oct28Test,11100.0,45.25,Buy,GULF,2025-10-28 10:46:41
ORD00301,FemboyLover_Oct28Test,23800.0,21.1,Buy,TIDLOR,2025-10-28 11:47:14
ORD00302,FemboyLover_Oct28Test,23800.0,21.9,Sell,TIDLOR,2025-10-28 11:52:12
ORD00303,FemboyLover_Oct28Test,11100.0,45.75,Sell,GULF,2025-10-28 10:47:07
ORD00304,FemboyLover_Oct28Test,11100.0,45.25,Buy,GULF,2025-10-28 10:47:23
ORD00305,FemboyLover_Oct28Test,23800.0,21.1,Buy,TIDLOR,2025-10-28 11:56:11
ORD00306,FemboyLover_Oct28Test,23800.0,21.9,Sell,TIDLOR,2025-10-28 11:56:42
ORD00307,FemboyLover_Oct28Test,23800.0,21.1,Buy,TIDLOR,2025-10-28 11:57:48
ORD00308,FemboyLover_Oct28Test,23800.0,21.9,Sell,TIDLOR,2025-10-28 12:01:23
ORD00309,FemboyLover_Oct28Test,23800.0,21.1,Buy,TIDLOR,2025-10-28 12:01:44
ORD00310,FemboyLover_Oct28Test,23800.0,21.9,Sell,TIDLOR,2025-10-28 12:02:54
ORD00311,FemboyLover_Oct28Test,23800.0,21.1,Buy,TIDLOR,2025-10-28 12:02:54
ORD00312,FemboyLover_Oct28Test,23800.0,21.9,Sell,TIDLOR,2025-10-28 12:02:54
ORD00313,FemboyLover_Oct28Test,11100.0,45.75,Sell,GULF,2025-10-28 10:51:46
ORD00314,FemboyLover_Oct28Test,23800.0,21.1,Buy,TIDLOR,2025-10-28 12:03:27
ORD00315,FemboyLover_Oct28Test,11100.0,45.25,Buy,GULF,2025-10-28 10:51:59
ORD00316,FemboyLover_Oct28Test,23800.0,21.9,Sell,TIDLOR,2025-10-28 12:03:30
ORD00317,FemboyLover_Oct28Test,23800.0,21.1,Buy,TIDLOR,2025-10-28 12:04:01
ORD00318,FemboyLover_Oct28Test,11100.0,45.75,Sell,GULF,2025-10-28 10:52:16
ORD00319,FemboyLover_Oct28Test,4000.0,124.5,Sell,EGCO,2025-10-28 11:05:01
ORD00320,FemboyLover_Oct28Test,11100.0,45.25,Buy,GULF,2025-10-28 10:52:30
ORD00321,FemboyLover_Oct28Test,11100.0,45.75,Sell,GULF,2025-10-28 10:52:40
ORD00322,FemboyLover_Oct28Test,11100.0,45.25,Buy,GULF,2025-10-28 10:52:44
ORD00323,FemboyLover_Oct28Test,23800.0,21.9,Sell,TIDLOR,2025-10-28 12:07:08
ORD00324,FemboyLover_Oct28Test,23800.0,21.1,Buy,TIDLOR,2025-10-28 12:07:08
ORD00325,FemboyLover_Oct28Test,11100.0,45.75,Sell,GULF,2025-10-28 10:53:01
ORD00326,FemboyLover_Oct28Test,11100.0,45.25,Buy,GULF,2025-10-28 10:53:20
ORD00327,FemboyLover_Oct28Test,11100.0,45.75,Sell,GULF,2025-10-28 10:53:31
ORD00328,FemboyLover_Oct28Test,12100.0,41.25,Buy,GPSC,2025-10-28 11:53:09
ORD00329,FemboyLover_Oct28Test,11100.0,45.25,Buy,GULF,2025-10-28 10:53:39
ORD00330,FemboyLover_Oct28Test,12100.0,41.75,Sell,GPSC,2025-10-28 11:53:12
ORD00331,FemboyLover_Oct28Test,23800.0,21.9,Sell,TIDLOR,2025-10-28 12:10:28
ORD00332,FemboyLover_Oct28Test,23800.0,21.1,Buy,TIDLOR,2025-10-28 12:10:28
ORD00333,FemboyLover_Oct28Test,11100.0,45.75,Sell,GULF,2025-10-28 10:54:16
ORD00334,FemboyLover_Oct28Test,23800.0,21.9,Sell,TIDLOR,2025-10-28 12:10:36
ORD00335,FemboyLover_Oct28Test,19200.0,26.25,Buy,KTB,2025-10-28 10:34:27
ORD00336,FemboyLover_Oct28Test,23800.0,21.1,Buy,TIDLOR,2025-10-28 12:11:04
ORD00337,FemboyLover_Oct28Test,19200.0,26.75,Sell,KTB,2025-10-28 10:34:27
ORD00338,FemboyLover_Oct28Test,19200.0,26.25,Buy,KTB,2025-10-28 10:34:27
ORD00339,FemboyLover_Oct28Test,19200.0,26.75,Sell,KTB,2025-10-28 10:34:27
ORD00340,FemboyLover_Oct28Test,12100.0,41.25,Buy,GPSC,2025-10-28 11:53:20
ORD00341,FemboyLover_Oct28Test,19200.0,26.25,Buy,KTB,2025-10-28 10:34:27
ORD00342,FemboyLover_Oct28Test,12100.0,41.75,Sell,GPSC,2025-10-28 11:53:37
ORD00343,FemboyLover_Oct28Test,19200.0,26.75,Sell,KTB,2025-10-28 10:34:27
ORD00344,FemboyLover_Oct28Test,11100.0,45.25,Buy,GULF,2025-10-28 10:54:30
ORD00345,FemboyLover_Oct28Test,19200.0,26.25,Buy,KTB,2025-10-28 10:34:27
ORD00346,FemboyLover_Oct28Test,11100.0,45.75,Sell,GULF,2025-10-28 10:54:42
ORD00347,FemboyLover_Oct28Test,19200.0,26.75,Sell,KTB,2025-10-28 10:34:27
ORD00348,FemboyLover_Oct28Test,11100.0,45.25,Buy,GULF,2025-10-28 10:54:48
ORD00349,FemboyLover_Oct28Test,11100.0,45.75,Sell,GULF,2025-10-28 10:54:50
ORD00350,FemboyLover_Oct28Test,11100.0,45.25,Buy,GULF,2025-10-28 10:54:53
ORD00351,FemboyLover_Oct28Test,11100.0,45.75,Sell,GULF,2025-10-28 10:54:56
ORD00352,FemboyLover_Oct28Test,11100.0,45.25,Buy,GULF,2025-10-28 10:55:05
ORD00353,FemboyLover_Oct28Test,23800.0,21.9,Sell,TIDLOR,2025-10-28 12:17:35
ORD00354,FemboyLover_Oct28Test,23800.0,21.1,Buy,TIDLOR,2025-10-28 12:17:38
ORD00355,FemboyLover_Oct28Test,23800.0,21.9,Sell,TIDLOR,2025-10-28 12:18:24
ORD00356,FemboyLover_Oct28Test,11100.0,45.75,Sell,GULF,2025-10-28 10:56:08
ORD00357,FemboyLover_Oct28Test,23800.0,21.1,Buy,TIDLOR,2025-10-28 12:18:56
ORD00358,FemboyLover_Oct28Test,11100.0,45.25,Buy,GULF,2025-10-28 10:56:12
ORD00359,FemboyLover_Oct28Test,11100.0,45.75,Sell,GULF,2025-10-28 10:56:35
ORD00360,FemboyLover_Oct28Test,11100.0,45.25,Buy,GULF,2025-10-28 10:56:44
ORD00361,FemboyLover_Oct28Test,25000.0,20.1,Buy,IVL,2025-10-28 14:04:23
ORD00362,FemboyLover_Oct28Test,11100.0,45.75,Sell,GULF,2025-10-28 10:57:58
ORD00363,FemboyLover_Oct28Test,11100.0,45.25,Buy,GULF,2025-10-28 10:58:03
ORD00364,FemboyLover_Oct28Test,25000.0,20.9,Sell,IVL,2025-10-28 14:04:23
ORD00365,FemboyLover_Oct28Test,19200.0,26.25,Buy,KTB,2025-10-28 10:34:28
ORD00366,FemboyLover_Oct28Test,25000.0,20.1,Buy,IVL,2025-10-28 14:04:23
ORD00367,FemboyLover_Oct28Test,25000.0,20.9,Sell,IVL,2025-10-28 14:04:23
ORD00368,FemboyLover_Oct28Test,19200.0,26.75,Sell,KTB,2025-10-28 10:34:29
ORD00369,FemboyLover_Oct28Test,19200.0,26.25,Buy,KTB,2025-10-28 10:34:39
ORD00370,FemboyLover_Oct28Test,25000.0,20.1,Buy,IVL,2025-10-28 14:04:25
ORD00371,FemboyLover_Oct28Test,19200.0,26.75,Sell,KTB,2025-10-28 10:35:16
ORD00372,FemboyLover_Oct28Test,19200.0,26.25,Buy,KTB,2025-10-28 10:35:16
ORD00373,FemboyLover_Oct28Test,25000.0,20.9,Sell,IVL,2025-10-28 14:04:54
ORD00374,FemboyLover_Oct28Test,25000.0,20.1,Buy,IVL,2025-10-28 14:05:06
ORD00375,FemboyLover_Oct28Test,11100.0,45.75,Sell,GULF,2025-10-28 10:58:47
ORD00376,FemboyLover_Oct28Test,11100.0,45.25,Buy,GULF,2025-10-28 10:58:55
ORD00377,FemboyLover_Oct28Test,11100.0,45.75,Sell,GULF,2025-10-28 10:58:57
ORD00378,FemboyLover_Oct28Test,11100.0,45.25,Buy,GULF,2025-10-28 10:58:57
ORD00379,FemboyLover_Oct28Test,11100.0,45.75,Sell,GULF,2025-10-28 10:58:57
ORD00380,FemboyLover_Oct28Test,25000.0,20.9,Sell,IVL,2025-10-28 14:05:32
ORD00381,FemboyLover_Oct28Test,11100.0,45.25,Buy,GULF,2025-10-28 10:59:03
ORD00382,FemboyLover_Oct28Test,25000.0,20.1,Buy,IVL,2025-10-28 14:05:51
ORD00383,FemboyLover_Oct28Test,25000.0,20.9,Sell,IVL,2025-10-28 14:06:06
ORD00384,FemboyLover_Oct28Test,19200.0,26.75,Sell,KTB,2025-10-28 10:36:17
ORD00385,FemboyLover_Oct28Test,25000.0,20.1,Buy,IVL,2025-10-28 14:06:07
ORD00386,FemboyLover_Oct28Test,19200.0,26.25,Buy,KTB,2025-10-28 10:36:24
ORD00387,FemboyLover_Oct28Test,25000.0,20.9,Sell,IVL,2025-10-28 14:06:28
ORD00388,FemboyLover_Oct28Test,11100.0,45.75,Sell,GULF,2025-10-28 10:59:36
ORD00389,FemboyLover_Oct28Test,25000.0,20.1,Buy,IVL,2025-10-28 14:06:34
ORD00390,FemboyLover_Oct28Test,11100.0,45.25,Buy,GULF,2025-10-28 10:59:39
ORD00391,FemboyLover_Oct28Test,25000.0,20.9,Sell,IVL,2025-10-28 14:06:36
ORD00392,FemboyLover_Oct28Test,25000.0,20.1,Buy,IVL,2025-10-28 14:06:47
ORD00393,FemboyLover_Oct28Test,25000.0,20.9,Sell,IVL,2025-10-28 14:07:02
ORD00394,FemboyLover_Oct28Test,11100.0,45.75,Sell,GULF,2025-10-28 10:59:56
ORD00395,FemboyLover_Oct28Test,25000.0,20.1,Buy,IVL,2025-10-28 14:07:24
ORD00396,FemboyLover_Oct28Test,11100.0,45.25,Buy,GULF,2025-10-28 10:59:58
ORD00397,FemboyLover_Oct28Test,11100.0,45.75,Sell,GULF,2025-10-28 11:00:01
ORD00398,FemboyLover_Oct28Test,11100.0,45.25,Buy,GULF,2025-10-28 11:00:03
ORD00399,FemboyLover_Oct28Test,11100.0,45.75,Sell,GULF,2025-10-28 11:00:08
ORD00400,FemboyLover_Oct28Test,11100.0,45.25,Buy,GULF,2025-10-28 11:00:13
ORD00401,FemboyLover_Oct28Test,19200.0,26.75,Sell,KTB,2025-10-28 10:37:23
ORD00402,FemboyLover_Oct28Test,11100.0,45.75,Sell,GULF,2025-10-28 11:00:15
ORD00403,FemboyLover_Oct28Test,25000.0,20.9,Sell,IVL,2025-10-28 14:08:46
ORD00404,FemboyLover_Oct28Test,11100.0,45.25,Buy,GULF,2025-10-28 11:00:21
ORD00405,FemboyLover_Oct28Test,25000.0,20.1,Buy,IVL,2025-10-28 14:09:05
ORD00406,FemboyLover_Oct28Test,25000.0,20.9,Sell,IVL,2025-10-28 14:09:07
ORD00407,FemboyLover_Oct28Test,25000.0,20.1,Buy,IVL,2025-10-28 14:09:36
ORD00408,FemboyLover_Oct28Test,11100.0,45.75,Sell,GULF,2025-10-28 11:00:42
ORD00409,FemboyLover_Oct28Test,11100.0,45.25,Buy,GULF,2025-10-28 11:00:42
ORD00410,FemboyLover_Oct28Test,11100.0,45.75,Sell,GULF,2025-10-28 11:01:06
ORD00411,FemboyLover_Oct28Test,25000.0,20.9,Sell,IVL,2025-10-28 14:10:52
ORD00412,FemboyLover_Oct28Test,11100.0,45.25,Buy,GULF,2025-10-28 11:01:22
ORD00413,FemboyLover_Oct28Test,25000.0,20.1,Buy,IVL,2025-10-28 14:11:04
ORD00414,FemboyLover_Oct28Test,25000.0,20.9,Sell,IVL,2025-10-28 14:11:07
ORD00415,FemboyLover_Oct28Test,11100.0,45.75,Sell,GULF,2025-10-28 11:01:41
ORD00416,FemboyLover_Oct28Test,25000.0,20.1,Buy,IVL,2025-10-28 14:11:14
ORD00417,FemboyLover_Oct28Test,11100.0,45.25,Buy,GULF,2025-10-28 11:01:46
ORD00418,FemboyLover_Oct28Test,25000.0,20.9,Sell,IVL,2025-10-28 14:11:37
ORD00419,FemboyLover_Oct28Test,11100.0,45.75,Sell,GULF,2025-10-28 11:02:13
ORD00420,FemboyLover_Oct28Test,11100.0,45.25,Buy,GULF,2025-10-28 11:02:28
ORD00421,FemboyLover_Oct28Test,25000.0,20.1,Buy,IVL,2025-10-28 14:11:49
ORD00422,FemboyLover_Oct28Test,25000.0,20.9,Sell,IVL,2025-10-28 14:12:13
ORD00423,FemboyLover_Oct28Test,11100.0,45.75,Sell,GULF,2025-10-28 11:02:44
ORD00424,FemboyLover_Oct28Test,11100.0,45.25,Buy,GULF,2025-10-28 11:02:48
ORD00425,FemboyLover_Oct28Test,25000.0,20.1,Buy,IVL,2025-10-28 14:12:19
ORD00426,FemboyLover_Oct28Test,11100.0,45.75,Sell,GULF,2025-10-28 11:03:09
ORD00427,FemboyLover_Oct28Test,11100.0,45.25,Buy,GULF,2025-10-28 11:03:09
ORD00428,FemboyLover_Oct28Test,25000.0,20.9,Sell,IVL,2025-10-28 14:12:33
ORD00429,FemboyLover_Oct28Test,11100.0,45.75,Sell,GULF,2025-10-28 11:03:39
ORD00430,FemboyLover_Oct28Test,11100.0,45.25,Buy,GULF,2025-10-28 11:03:44
ORD00431,FemboyLover_Oct28Test,11100.0,45.75,Sell,GULF,2025-10-28 11:03:47
ORD00432,FemboyLover_Oct28Test,11100.0,45.25,Buy,GULF,2025-10-28 11:03:51
ORD00433,FemboyLover_Oct28Test,11100.0,45.75,Sell,GULF,2025-10-28 11:04:10
ORD00434,FemboyLover_Oct28Test,11100.0,45.25,Buy,GULF,2025-10-28 11:04:15
ORD00435,FemboyLover_Oct28Test,11100.0,45.75,Sell,GULF,2025-10-28 11:04:19
ORD00436,FemboyLover_Oct28Test,11100.0,45.25,Buy,GULF,2025-10-28 11:04:34
ORD00437,FemboyLover_Oct28Test,11100.0,45.75,Sell,GULF,2025-10-28 11:04:34
ORD00438,FemboyLover_Oct28Test,11100.0,45.25,Buy,GULF,2025-10-28 11:04:49
ORD00439,FemboyLover_Oct28Test,11100.0,45.75,Sell,GULF,2025-10-28 11:04:49
ORD00440,FemboyLover_Oct28Test,11100.0,45.25,Buy,GULF,2025-10-28 11:04:49
ORD00441,FemboyLover_Oct28Test,11100.0,45.75,Sell,GULF,2025-10-28 11:04:50
ORD00442,FemboyLover_Oct28Test,11100.0,45.25,Buy,GULF,2025-10-28 11:05:06
ORD00443,FemboyLover_Oct28Test,11100.0,45.75,Sell,GULF,2025-10-28 11:05:29
ORD00444,FemboyLover_Oct28Test,11100.0,45.25,Buy,GULF,2025-10-28 11:05:44
ORD00445,FemboyLover_Oct28Test,11100.0,45.75,Sell,GULF,2025-10-28 11:05:44
ORD00446,FemboyLover_Oct28Test,11100.0,45.25,Buy,GULF,2025-10-28 11:05:44
ORD00447,FemboyLover_Oct28Test,11100.0,45.75,Sell,GULF,2025-10-28 11:05:48
ORD00448,FemboyLover_Oct28Test,16100.0,31.25,Buy,PTT,2025-10-28 12:13:03
ORD00449,FemboyLover_Oct28Test,11100.0,45.25,Buy,GULF,2025-10-28 11:05:50
ORD00450,FemboyLover_Oct28Test,11100.0,45.75,Sell,GULF,2025-10-28 11:05:51
ORD00451,FemboyLover_Oct28Test,16100.0,31.75,Sell,PTT,2025-10-28 12:13:51
ORD00452,FemboyLover_Oct28Test,11100.0,45.25,Buy,GULF,2025-10-28 11:05:58
ORD00453,FemboyLover_Oct28Test,11100.0,45.75,Sell,GULF,2025-10-28 11:05:58
ORD00454,FemboyLover_Oct28Test,16100.0,31.25,Buy,PTT,2025-10-28 12:14:13
ORD00455,FemboyLover_Oct28Test,11100.0,45.25,Buy,GULF,2025-10-28 11:05:58
ORD00456,FemboyLover_Oct28Test,16100.0,31.75,Sell,PTT,2025-10-28 12:14:34
ORD00457,FemboyLover_Oct28Test,16100.0,31.25,Buy,PTT,2025-10-28 12:14:45
ORD00458,FemboyLover_Oct28Test,11100.0,45.75,Sell,GULF,2025-10-28 11:06:00
ORD00459,FemboyLover_Oct28Test,16100.0,31.75,Sell,PTT,2025-10-28 12:15:08
ORD00460,FemboyLover_Oct28Test,11100.0,45.25,Buy,GULF,2025-10-28 11:06:02
ORD00461,FemboyLover_Oct28Test,11100.0,45.75,Sell,GULF,2025-10-28 11:06:07
ORD00462,FemboyLover_Oct28Test,16100.0,31.25,Buy,PTT,2025-10-28 12:15:25
ORD00463,FemboyLover_Oct28Test,11100.0,45.25,Buy,GULF,2025-10-28 11:06:12
ORD00464,FemboyLover_Oct28Test,16100.0,31.75,Sell,PTT,2025-10-28 12:15:25
ORD00465,FemboyLover_Oct28Test,16100.0,31.25,Buy,PTT,2025-10-28 12:15:32
ORD00466,FemboyLover_Oct28Test,16100.0,31.75,Sell,PTT,2025-10-28 12:15:44
ORD00467,FemboyLover_Oct28Test,11100.0,45.75,Sell,GULF,2025-10-28 11:06:18
ORD00468,FemboyLover_Oct28Test,11100.0,45.25,Buy,GULF,2025-10-28 11:06:18
ORD00469,FemboyLover_Oct28Test,16100.0,31.25,Buy,PTT,2025-10-28 12:16:26
ORD00470,FemboyLover_Oct28Test,16100.0,31.75,Sell,PTT,2025-10-28 12:16:37
ORD00471,FemboyLover_Oct28Test,11100.0,45.75,Sell,GULF,2025-10-28 11:07:01
ORD00472,FemboyLover_Oct28Test,11100.0,45.25,Buy,GULF,2025-10-28 11:07:17
ORD00473,FemboyLover_Oct28Test,16100.0,31.25,Buy,PTT,2025-10-28 12:18:47
ORD00474,FemboyLover_Oct28Test,16100.0,31.75,Sell,PTT,2025-10-28 12:18:48
ORD00475,FemboyLover_Oct28Test,11100.0,45.75,Sell,GULF,2025-10-28 11:07:20
ORD00476,FemboyLover_Oct28Test,16100.0,31.25,Buy,PTT,2025-10-28 12:18:53
ORD00477,FemboyLover_Oct28Test,11100.0,45.25,Buy,GULF,2025-10-28 11:07:26
ORD00478,FemboyLover_Oct28Test,11100.0,45.75,Sell,GULF,2025-10-28 11:07:37
ORD00479,FemboyLover_Oct28Test,16100.0,31.75,Sell,PTT,2025-10-28 12:19:00
ORD00480,FemboyLover_Oct28Test,11100.0,45.25,Buy,GULF,2025-10-28 11:07:39
ORD00481,FemboyLover_Oct28Test,25000.0,20.1,Buy,IVL,2025-10-28 14:19:05
ORD00482,FemboyLover_Oct28Test,19200.0,26.25,Buy,KTB,2025-10-28 10:42:31
ORD00483,FemboyLover_Oct28Test,25000.0,20.9,Sell,IVL,2025-10-28 14:20:41
ORD00484,FemboyLover_Oct28Test,19200.0,26.75,Sell,KTB,2025-10-28 10:43:11
ORD00485,FemboyLover_Oct28Test,11100.0,45.75,Sell,GULF,2025-10-28 11:08:12
ORD00486,FemboyLover_Oct28Test,19200.0,26.25,Buy,KTB,2025-10-28 10:43:29
ORD00487,FemboyLover_Oct28Test,11100.0,45.25,Buy,GULF,2025-10-28 11:08:13
ORD00488,FemboyLover_Oct28Test,19200.0,26.75,Sell,KTB,2025-10-28 10:43:33
ORD00489,FemboyLover_Oct28Test,19200.0,26.25,Buy,KTB,2025-10-28 10:44:19
ORD00490,FemboyLover_Oct28Test,25000.0,20.1,Buy,IVL,2025-10-28 14:23:36
ORD00491,FemboyLover_Oct28Test,11100.0,45.75,Sell,GULF,2025-10-28 11:08:16
ORD00492,FemboyLover_Oct28Test,19200.0,26.75,Sell,KTB,2025-10-28 10:45:52
ORD00493,FemboyLover_Oct28Test,11100.0,45.25,Buy,GULF,2025-10-28 11:08:20
ORD00494,FemboyLover_Oct28Test,25000.0,20.9,Sell,IVL,2025-10-28 14:29:11
ORD00495,FemboyLover_Oct28Test,11100.0,45.75,Sell,GULF,2025-10-28 11:08:59
ORD00496,FemboyLover_Oct28Test,11100.0,45.25,Buy,GULF,2025-10-28 11:09:01
ORD00497,FemboyLover_Oct28Test,11100.0,45.75,Sell,GULF,2025-10-28 11:09:07
ORD00498,FemboyLover_Oct28Test,11100.0,45.25,Buy,GULF,2025-10-28 11:09:08
ORD00499,FemboyLover_Oct28Test,11100.0,45.75,Sell,GULF,2025-10-28 11:09:29
ORD00500,FemboyLover_Oct28Test,11100.0,45.25,Buy,GULF,2025-10-28 11:09:33
ORD00501,FemboyLover_Oct28Test,11100.0,45.75,Sell,GULF,2025-10-28 11:09:33
ORD00502,FemboyLover_Oct28Test,19200.0,26.25,Buy,KTB,2025-10-28 10:46:18
ORD00503,FemboyLover_Oct28Test,19200.0,26.75,Sell,KTB,2025-10-28 10:46:25
ORD00504,FemboyLover_Oct28Test,11100.0,45.25,Buy,GULF,2025-10-28 11:09:35
ORD00505,FemboyLover_Oct28Test,19200.0,26.25,Buy,KTB,2025-10-28 10:46:31
ORD00506,FemboyLover_Oct28Test,19200.0,26.75,Sell,KTB,2025-10-28 10:46:32
ORD00507,FemboyLover_Oct28Test,11100.0,45.75,Sell,GULF,2025-10-28 11:10:02
ORD00508,FemboyLover_Oct28Test,11100.0,45.25,Buy,GULF,2025-10-28 11:10:05
ORD00509,FemboyLover_Oct28Test,11100.0,45.75,Sell,GULF,2025-10-28 11:10:09
ORD00510,FemboyLover_Oct28Test,11100.0,45.25,Buy,GULF,2025-10-28 11:10:13
ORD00511,FemboyLover_Oct28Test,19200.0,26.25,Buy,KTB,2025-10-28 10:46:58
ORD00512,FemboyLover_Oct28Test,11100.0,45.75,Sell,GULF,2025-10-28 11:10:33
ORD00513,FemboyLover_Oct28Test,19200.0,26.75,Sell,KTB,2025-10-28 10:47:13
ORD00514,FemboyLover_Oct28Test,19200.0,26.25,Buy,KTB,2025-10-28 10:47:43
ORD00515,FemboyLover_Oct28Test,16100.0,31.25,Buy,PTT,2025-10-28 13:58:09
ORD00516,FemboyLover_Oct28Test,11100.0,45.25,Buy,GULF,2025-10-28 11:10:50
ORD00517,FemboyLover_Oct28Test,16100.0,31.75,Sell,PTT,2025-10-28 13:58:21
ORD00518,FemboyLover_Oct28Test,19200.0,26.75,Sell,KTB,2025-10-28 10:48:41
ORD00519,FemboyLover_Oct28Test,11100.0,45.75,Sell,GULF,2025-10-28 11:11:06
ORD00520,FemboyLover_Oct28Test,19200.0,26.25,Buy,KTB,2025-10-28 10:48:46
ORD00521,FemboyLover_Oct28Test,16100.0,31.25,Buy,PTT,2025-10-28 13:58:27
ORD00522,FemboyLover_Oct28Test,11100.0,45.25,Buy,GULF,2025-10-28 11:11:10
ORD00523,FemboyLover_Oct28Test,16100.0,31.75,Sell,PTT,2025-10-28 13:58:38
ORD00524,FemboyLover_Oct28Test,19200.0,26.75,Sell,KTB,2025-10-28 10:49:07
ORD00525,FemboyLover_Oct28Test,19200.0,26.25,Buy,KTB,2025-10-28 10:49:24
ORD00526,FemboyLover_Oct28Test,11100.0,45.75,Sell,GULF,2025-10-28 11:11:25
ORD00527,FemboyLover_Oct28Test,11100.0,45.25,Buy,GULF,2025-10-28 11:11:25
ORD00528,FemboyLover_Oct28Test,19200.0,26.75,Sell,KTB,2025-10-28 10:50:17
ORD00529,FemboyLover_Oct28Test,19200.0,26.25,Buy,KTB,2025-10-28 10:50:36
ORD00530,FemboyLover_Oct28Test,19200.0,26.75,Sell,KTB,2025-10-28 10:51:16
ORD00531,FemboyLover_Oct28Test,11100.0,45.75,Sell,GULF,2025-10-28 11:11:43
ORD00532,FemboyLover_Oct28Test,19200.0,26.25,Buy,KTB,2025-10-28 10:51:20
ORD00533,FemboyLover_Oct28Test,16100.0,31.25,Buy,PTT,2025-10-28 13:59:18
ORD00534,FemboyLover_Oct28Test,11100.0,45.25,Buy,GULF,2025-10-28 11:11:44
ORD00535,FemboyLover_Oct28Test,16100.0,31.75,Sell,PTT,2025-10-28 13:59:19
ORD00536,FemboyLover_Oct28Test,19200.0,26.75,Sell,KTB,2025-10-28 10:52:01
ORD00537,FemboyLover_Oct28Test,11100.0,45.75,Sell,GULF,2025-10-28 11:12:05
ORD00538,FemboyLover_Oct28Test,19200.0,26.25,Buy,KTB,2025-10-28 10:52:20
ORD00539,FemboyLover_Oct28Test,19200.0,26.75,Sell,KTB,2025-10-28 10:53:13
ORD00540,FemboyLover_Oct28Test,11100.0,45.25,Buy,GULF,2025-10-28 11:12:15
ORD00541,FemboyLover_Oct28Test,16100.0,31.25,Buy,PTT,2025-10-28 13:59:56
ORD00542,FemboyLover_Oct28Test,19200.0,26.25,Buy,KTB,2025-10-28 10:53:33
ORD00543,FemboyLover_Oct28Test,11100.0,45.75,Sell,GULF,2025-10-28 11:12:30
ORD00544,FemboyLover_Oct28Test,19200.0,26.75,Sell,KTB,2025-10-28 10:53:34
ORD00545,FemboyLover_Oct28Test,16100.0,31.75,Sell,PTT,2025-10-28 13:59:56
ORD00546,FemboyLover_Oct28Test,11100.0,45.25,Buy,GULF,2025-10-28 11:12:35
ORD00547,FemboyLover_Oct28Test,25000.0,20.1,Buy,IVL,2025-10-28 14:32:57
ORD00548,FemboyLover_Oct28Test,25000.0,20.9,Sell,IVL,2025-10-28 14:33:01
ORD00549,FemboyLover_Oct28Test,11100.0,45.75,Sell,GULF,2025-10-28 11:12:51
ORD00550,FemboyLover_Oct28Test,11100.0,45.25,Buy,GULF,2025-10-28 11:12:52
ORD00551,FemboyLover_Oct28Test,16100.0,31.25,Buy,PTT,2025-10-28 14:00:24
ORD00552,FemboyLover_Oct28Test,16100.0,31.75,Sell,PTT,2025-10-28 14:00:24
ORD00553,FemboyLover_Oct28Test,11100.0,45.75,Sell,GULF,2025-10-28 11:13:06
ORD00554,FemboyLover_Oct28Test,11100.0,45.25,Buy,GULF,2025-10-28 11:13:09
ORD00555,FemboyLover_Oct28Test,11100.0,45.75,Sell,GULF,2025-10-28 11:13:11
ORD00556,FemboyLover_Oct28Test,11100.0,45.25,Buy,GULF,2025-10-28 11:13:23
ORD00557,FemboyLover_Oct28Test,11100.0,45.75,Sell,GULF,2025-10-28 11:13:25
ORD00558,FemboyLover_Oct28Test,11100.0,45.25,Buy,GULF,2025-10-28 11:13:33
ORD00559,FemboyLover_Oct28Test,11100.0,45.75,Sell,GULF,2025-10-28 11:13:44
ORD00560,FemboyLover_Oct28Test,11100.0,45.25,Buy,GULF,2025-10-28 11:14:10
ORD00561,FemboyLover_Oct28Test,11100.0,45.75,Sell,GULF,2025-10-28 11:14:18
ORD00562,FemboyLover_Oct28Test,16100.0,31.25,Buy,PTT,2025-10-28 14:01:23
ORD00563,FemboyLover_Oct28Test,11100.0,45.25,Buy,GULF,2025-10-28 11:14:32
ORD00564,FemboyLover_Oct28Test,16100.0,31.75,Sell,PTT,2025-10-28 14:01:23
ORD00565,FemboyLover_Oct28Test,11100.0,45.75,Sell,GULF,2025-10-28 11:14:44
ORD00566,FemboyLover_Oct28Test,16100.0,31.25,Buy,PTT,2025-10-28 14:01:28
ORD00567,FemboyLover_Oct28Test,11100.0,45.25,Buy,GULF,2025-10-28 11:14:57
ORD00568,FemboyLover_Oct28Test,16100.0,31.75,Sell,PTT,2025-10-28 14:01:28
ORD00569,FemboyLover_Oct28Test,11100.0,45.75,Sell,GULF,2025-10-28 11:15:10
ORD00570,FemboyLover_Oct28Test,11100.0,45.25,Buy,GULF,2025-10-28 11:15:13
ORD00571,FemboyLover_Oct28Test,11100.0,45.75,Sell,GULF,2025-10-28 11:15:29
ORD00572,FemboyLover_Oct28Test,16100.0,31.25,Buy,PTT,2025-10-28 14:02:24
ORD00573,FemboyLover_Oct28Test,11100.0,45.25,Buy,GULF,2025-10-28 11:15:31
ORD00574,FemboyLover_Oct28Test,16100.0,31.75,Sell,PTT,2025-10-28 14:02:41
ORD00575,FemboyLover_Oct28Test,16100.0,31.25,Buy,PTT,2025-10-28 14:02:54
ORD00576,FemboyLover_Oct28Test,11100.0,45.75,Sell,GULF,2025-10-28 11:15:47
ORD00577,FemboyLover_Oct28Test,16100.0,31.75,Sell,PTT,2025-10-28 14:02:54
ORD00578,FemboyLover_Oct28Test,11100.0,45.25,Buy,GULF,2025-10-28 11:15:48
ORD00579,FemboyLover_Oct28Test,11100.0,45.75,Sell,GULF,2025-10-28 11:16:11
ORD00580,FemboyLover_Oct28Test,11100.0,45.25,Buy,GULF,2025-10-28 11:16:17
ORD00581,FemboyLover_Oct28Test,16100.0,31.25,Buy,PTT,2025-10-28 14:03:15
ORD00582,FemboyLover_Oct28Test,16100.0,31.75,Sell,PTT,2025-10-28 14:03:16
ORD00583,FemboyLover_Oct28Test,16100.0,31.25,Buy,PTT,2025-10-28 14:03:38
ORD00584,FemboyLover_Oct28Test,16100.0,31.75,Sell,PTT,2025-10-28 14:03:38
ORD00585,FemboyLover_Oct28Test,11100.0,45.75,Sell,GULF,2025-10-28 11:16:53
ORD00586,FemboyLover_Oct28Test,11100.0,45.25,Buy,GULF,2025-10-28 11:16:58
ORD00587,FemboyLover_Oct28Test,11100.0,45.75,Sell,GULF,2025-10-28 11:17:16
ORD00588,FemboyLover_Oct28Test,16100.0,31.25,Buy,PTT,2025-10-28 14:04:07
ORD00589,FemboyLover_Oct28Test,11100.0,45.25,Buy,GULF,2025-10-28 11:17:25
ORD00590,FemboyLover_Oct28Test,16100.0,31.75,Sell,PTT,2025-10-28 14:04:07
ORD00591,FemboyLover_Oct28Test,11100.0,45.75,Sell,GULF,2025-10-28 11:17:29
ORD00592,FemboyLover_Oct28Test,11100.0,45.25,Buy,GULF,2025-10-28 11:17:39
ORD00593,FemboyLover_Oct28Test,11100.0,45.75,Sell,GULF,2025-10-28 11:17:46
ORD00594,FemboyLover_Oct28Test,11100.0,45.25,Buy,GULF,2025-10-28 11:17:46
ORD00595,FemboyLover_Oct28Test,11100.0,45.75,Sell,GULF,2025-10-28 11:18:17
ORD00596,FemboyLover_Oct28Test,11100.0,45.25,Buy,GULF,2025-10-28 11:18:24
ORD00597,FemboyLover_Oct28Test,11100.0,45.75,Sell,GULF,2025-10-28 11:18:35
ORD00598,FemboyLover_Oct28Test,11100.0,45.25,Buy,GULF,2025-10-28 11:18:36
ORD00599,FemboyLover_Oct28Test,16100.0,31.25,Buy,PTT,2025-10-28 14:05:10
ORD00600,FemboyLover_Oct28Test,16100.0,31.75,Sell,PTT,2025-10-28 14:05:12
ORD00601,FemboyLover_Oct28Test,11100.0,45.75,Sell,GULF,2025-10-28 11:19:02
ORD00602,FemboyLover_Oct28Test,16100.0,31.25,Buy,PTT,2025-10-28 14:05:17
ORD00603,FemboyLover_Oct28Test,16100.0,31.75,Sell,PTT,2025-10-28 14:05:18
ORD00604,FemboyLover_Oct28Test,16100.0,31.25,Buy,PTT,2025-10-28 14:05:18
ORD00605,FemboyLover_Oct28Test,11100.0,45.25,Buy,GULF,2025-10-28 11:19:21
ORD00606,FemboyLover_Oct28Test,16100.0,31.75,Sell,PTT,2025-10-28 14:05:19
ORD00607,FemboyLover_Oct28Test,11100.0,45.75,Sell,GULF,2025-10-28 11:19:30
ORD00608,FemboyLover_Oct28Test,11100.0,45.25,Buy,GULF,2025-10-28 11:19:40
ORD00609,FemboyLover_Oct28Test,16100.0,31.25,Buy,PTT,2025-10-28 14:05:49
ORD00610,FemboyLover_Oct28Test,11100.0,45.75,Sell,GULF,2025-10-28 11:19:41
ORD00611,FemboyLover_Oct28Test,16100.0,31.75,Sell,PTT,2025-10-28 14:06:02
ORD00612,FemboyLover_Oct28Test,11100.0,45.25,Buy,GULF,2025-10-28 11:19:42
ORD00613,FemboyLover_Oct28Test,11100.0,45.75,Sell,GULF,2025-10-28 11:20:09
ORD00614,FemboyLover_Oct28Test,11100.0,45.25,Buy,GULF,2025-10-28 11:20:27
ORD00615,FemboyLover_Oct28Test,16100.0,31.25,Buy,PTT,2025-10-28 14:06:59
ORD00616,FemboyLover_Oct28Test,25000.0,20.1,Buy,IVL,2025-10-28 14:43:02
ORD00617,FemboyLover_Oct28Test,16100.0,31.75,Sell,PTT,2025-10-28 14:07:24
ORD00618,FemboyLover_Oct28Test,16100.0,31.25,Buy,PTT,2025-10-28 14:07:47
ORD00619,FemboyLover_Oct28Test,16100.0,31.75,Sell,PTT,2025-10-28 14:07:48
ORD00620,FemboyLover_Oct28Test,11100.0,45.75,Sell,GULF,2025-10-28 11:20:37
ORD00621,FemboyLover_Oct28Test,25000.0,20.9,Sell,IVL,2025-10-28 14:43:02
ORD00622,FemboyLover_Oct28Test,11100.0,45.25,Buy,GULF,2025-10-28 11:20:54
ORD00623,FemboyLover_Oct28Test,16100.0,31.25,Buy,PTT,2025-10-28 14:08:07
ORD00624,FemboyLover_Oct28Test,11100.0,45.75,Sell,GULF,2025-10-28 11:20:54
ORD00625,FemboyLover_Oct28Test,16100.0,31.75,Sell,PTT,2025-10-28 14:08:08
ORD00626,FemboyLover_Oct28Test,11100.0,45.25,Buy,GULF,2025-10-28 11:21:00
ORD00627,FemboyLover_Oct28Test,11100.0,45.75,Sell,GULF,2025-10-28 11:21:00
ORD00628,FemboyLover_Oct28Test,16100.0,31.25,Buy,PTT,2025-10-28 14:08:28
ORD00629,FemboyLover_Oct28Test,11100.0,45.25,Buy,GULF,2025-10-28 11:21:27
ORD00630,FemboyLover_Oct28Test,16100.0,31.75,Sell,PTT,2025-10-28 14:08:53
ORD00631,FemboyLover_Oct28Test,11100.0,45.75,Sell,GULF,2025-10-28 11:21:31
ORD00632,FemboyLover_Oct28Test,16100.0,31.25,Buy,PTT,2025-10-28 14:09:23
ORD00633,FemboyLover_Oct28Test,16100.0,31.75,Sell,PTT,2025-10-28 14:09:24
ORD00634,FemboyLover_Oct28Test,16100.0,31.25,Buy,PTT,2025-10-28 14:09:44
ORD00635,FemboyLover_Oct28Test,22700.0,22.1,Buy,MINT,2025-10-28 15:46:18
ORD00636,FemboyLover_Oct28Test,16100.0,31.75,Sell,PTT,2025-10-28 14:09:46
ORD00637,FemboyLover_Oct28Test,11100.0,45.25,Buy,GULF,2025-10-28 11:22:11
ORD00638,FemboyLover_Oct28Test,22700.0,22.9,Sell,MINT,2025-10-28 15:46:18
ORD00639,FemboyLover_Oct28Test,11100.0,45.75,Sell,GULF,2025-10-28 11:22:24
ORD00640,FemboyLover_Oct28Test,22700.0,22.1,Buy,MINT,2025-10-28 15:46:18
ORD00641,FemboyLover_Oct28Test,11100.0,45.25,Buy,GULF,2025-10-28 11:22:41
ORD00642,FemboyLover_Oct28Test,22700.0,22.9,Sell,MINT,2025-10-28 15:46:18
ORD00643,FemboyLover_Oct28Test,11100.0,45.75,Sell,GULF,2025-10-28 11:22:51
ORD00644,FemboyLover_Oct28Test,16100.0,31.25,Buy,PTT,2025-10-28 14:10:56
ORD00645,FemboyLover_Oct28Test,11100.0,45.25,Buy,GULF,2025-10-28 11:23:44
ORD00646,FemboyLover_Oct28Test,16100.0,31.75,Sell,PTT,2025-10-28 14:11:10
ORD00647,FemboyLover_Oct28Test,11100.0,45.75,Sell,GULF,2025-10-28 11:23:44
ORD00648,FemboyLover_Oct28Test,11100.0,45.25,Buy,GULF,2025-10-28 11:23:46
ORD00649,FemboyLover_Oct28Test,11100.0,45.75,Sell,GULF,2025-10-28 11:24:10
ORD00650,FemboyLover_Oct28Test,16100.0,31.25,Buy,PTT,2025-10-28 14:11:57
ORD00651,FemboyLover_Oct28Test,11100.0,45.25,Buy,GULF,2025-10-28 11:24:32
ORD00652,FemboyLover_Oct28Test,16100.0,31.75,Sell,PTT,2025-10-28 14:12:22
ORD00653,FemboyLover_Oct28Test,11100.0,45.75,Sell,GULF,2025-10-28 11:25:03
ORD00654,FemboyLover_Oct28Test,11100.0,45.25,Buy,GULF,2025-10-28 11:25:05
ORD00655,FemboyLover_Oct28Test,11100.0,45.75,Sell,GULF,2025-10-28 11:25:05
ORD00656,FemboyLover_Oct28Test,11100.0,45.25,Buy,GULF,2025-10-28 11:25:37
ORD00657,FemboyLover_Oct28Test,19200.0,26.25,Buy,KTB,2025-10-28 10:59:42
ORD00658,FemboyLover_Oct28Test,11100.0,45.75,Sell,GULF,2025-10-28 11:26:02
ORD00659,FemboyLover_Oct28Test,19200.0,26.75,Sell,KTB,2025-10-28 10:59:44
ORD00660,FemboyLover_Oct28Test,19200.0,26.25,Buy,KTB,2025-10-28 10:59:53
ORD00661,FemboyLover_Oct28Test,19200.0,26.75,Sell,KTB,2025-10-28 10:59:54
ORD00662,FemboyLover_Oct28Test,16100.0,31.25,Buy,PTT,2025-10-28 14:13:19
ORD00663,FemboyLover_Oct28Test,11100.0,45.25,Buy,GULF,2025-10-28 11:26:30
ORD00664,FemboyLover_Oct28Test,11100.0,45.75,Sell,GULF,2025-10-28 11:26:30
ORD00665,FemboyLover_Oct28Test,19200.0,26.25,Buy,KTB,2025-10-28 11:00:23
ORD00666,FemboyLover_Oct28Test,16100.0,31.75,Sell,PTT,2025-10-28 14:13:21
ORD00667,FemboyLover_Oct28Test,11100.0,45.25,Buy,GULF,2025-10-28 11:26:52
ORD00668,FemboyLover_Oct28Test,19200.0,26.75,Sell,KTB,2025-10-28 11:00:25
ORD00669,FemboyLover_Oct28Test,11100.0,45.75,Sell,GULF,2025-10-28 11:26:52
ORD00670,FemboyLover_Oct28Test,19200.0,26.25,Buy,KTB,2025-10-28 11:00:45
ORD00671,FemboyLover_Oct28Test,11100.0,45.25,Buy,GULF,2025-10-28 11:26:53
ORD00672,FemboyLover_Oct28Test,19200.0,26.75,Sell,KTB,2025-10-28 11:00:45
ORD00673,FemboyLover_Oct28Test,19200.0,26.25,Buy,KTB,2025-10-28 11:01:07
ORD00674,FemboyLover_Oct28Test,11100.0,45.75,Sell,GULF,2025-10-28 11:27:27
ORD00675,FemboyLover_Oct28Test,19200.0,26.75,Sell,KTB,2025-10-28 11:01:20
ORD00676,FemboyLover_Oct28Test,11100.0,45.25,Buy,GULF,2025-10-28 11:27:55
ORD00677,FemboyLover_Oct28Test,11100.0,45.75,Sell,GULF,2025-10-28 11:27:55
ORD00678,FemboyLover_Oct28Test,19200.0,26.25,Buy,KTB,2025-10-28 11:01:28
ORD00679,FemboyLover_Oct28Test,16100.0,31.25,Buy,PTT,2025-10-28 14:14:22
ORD00680,FemboyLover_Oct28Test,11100.0,45.25,Buy,GULF,2025-10-28 11:28:00
ORD00681,FemboyLover_Oct28Test,16100.0,31.75,Sell,PTT,2025-10-28 14:14:23
ORD00682,FemboyLover_Oct28Test,11100.0,45.75,Sell,GULF,2025-10-28 11:28:29
ORD00683,FemboyLover_Oct28Test,19200.0,26.75,Sell,KTB,2025-10-28 11:01:36
ORD00684,FemboyLover_Oct28Test,11100.0,45.25,Buy,GULF,2025-10-28 11:28:30
ORD00685,FemboyLover_Oct28Test,11100.0,45.75,Sell,GULF,2025-10-28 11:28:34
ORD00686,FemboyLover_Oct28Test,19200.0,26.25,Buy,KTB,2025-10-28 11:01:50
ORD00687,FemboyLover_Oct28Test,11100.0,45.25,Buy,GULF,2025-10-28 11:29:34
ORD00688,FemboyLover_Oct28Test,11100.0,45.75,Sell,GULF,2025-10-28 11:29:57
ORD00689,FemboyLover_Oct28Test,11100.0,45.25,Buy,GULF,2025-10-28 11:30:12
ORD00690,FemboyLover_Oct28Test,11100.0,45.75,Sell,GULF,2025-10-28 11:30:18
ORD00691,FemboyLover_Oct28Test,19200.0,26.75,Sell,KTB,2025-10-28 11:03:42
ORD00692,FemboyLover_Oct28Test,11100.0,45.25,Buy,GULF,2025-10-28 11:30:22
ORD00693,FemboyLover_Oct28Test,19200.0,26.25,Buy,KTB,2025-10-28 11:03:57
ORD00694,FemboyLover_Oct28Test,16100.0,31.25,Buy,PTT,2025-10-28 14:15:58
ORD00695,FemboyLover_Oct28Test,19200.0,26.75,Sell,KTB,2025-10-28 11:04:59
ORD00696,FemboyLover_Oct28Test,16100.0,31.75,Sell,PTT,2025-10-28 14:16:06
ORD00697,FemboyLover_Oct28Test,16100.0,31.25,Buy,PTT,2025-10-28 14:16:06
ORD00698,FemboyLover_Oct28Test,16100.0,31.75,Sell,PTT,2025-10-28 14:16:07
ORD00699,FemboyLover_Oct28Test,16100.0,31.25,Buy,PTT,2025-10-28 14:16:40
ORD00700,FemboyLover_Oct28Test,16100.0,31.75,Sell,PTT,2025-10-28 14:16:53
ORD00701,FemboyLover_Oct28Test,11100.0,45.75,Sell,GULF,2025-10-28 11:30:38
ORD00702,FemboyLover_Oct28Test,16100.0,31.25,Buy,PTT,2025-10-28 14:17:46
ORD00703,FemboyLover_Oct28Test,16100.0,31.75,Sell,PTT,2025-10-28 14:17:46
ORD00704,FemboyLover_Oct28Test,16100.0,31.25,Buy,PTT,2025-10-28 14:17:46
ORD00705,FemboyLover_Oct28Test,16100.0,31.75,Sell,PTT,2025-10-28 14:17:46
ORD00706,FemboyLover_Oct28Test,11100.0,45.25,Buy,GULF,2025-10-28 11:31:50
ORD00707,FemboyLover_Oct28Test,11100.0,45.75,Sell,GULF,2025-10-28 11:32:05
ORD00708,FemboyLover_Oct28Test,16100.0,31.25,Buy,PTT,2025-10-28 14:18:09
ORD00709,FemboyLover_Oct28Test,11100.0,45.25,Buy,GULF,2025-10-28 11:32:15
ORD00710,FemboyLover_Oct28Test,16100.0,31.75,Sell,PTT,2025-10-28 14:18:21
ORD00711,FemboyLover_Oct28Test,11100.0,45.75,Sell,GULF,2025-10-28 11:32:20
ORD00712,FemboyLover_Oct28Test,11100.0,45.25,Buy,GULF,2025-10-28 11:32:39
ORD00713,FemboyLover_Oct28Test,16100.0,31.25,Buy,PTT,2025-10-28 14:18:24
ORD00714,FemboyLover_Oct28Test,16100.0,31.75,Sell,PTT,2025-10-28 14:18:25
ORD00715,FemboyLover_Oct28Test,11100.0,45.75,Sell,GULF,2025-10-28 11:33:03
ORD00716,FemboyLover_Oct28Test,11100.0,45.25,Buy,GULF,2025-10-28 11:33:35
ORD00717,FemboyLover_Oct28Test,11100.0,45.75,Sell,GULF,2025-10-28 11:33:47
ORD00718,FemboyLover_Oct28Test,16100.0,31.25,Buy,PTT,2025-10-28 14:19:01
ORD00719,FemboyLover_Oct28Test,16100.0,31.75,Sell,PTT,2025-10-28 14:19:01
ORD00720,FemboyLover_Oct28Test,11100.0,45.25,Buy,GULF,2025-10-28 11:35:10
ORD00721,FemboyLover_Oct28Test,25000.0,20.1,Buy,IVL,2025-10-28 15:19:52
ORD00722,FemboyLover_Oct28Test,11100.0,45.75,Sell,GULF,2025-10-28 11:35:21
ORD00723,FemboyLover_Oct28Test,11100.0,45.25,Buy,GULF,2025-10-28 11:35:23
ORD00724,FemboyLover_Oct28Test,25000.0,20.9,Sell,IVL,2025-10-28 15:20:26
ORD00725,FemboyLover_Oct28Test,11100.0,45.75,Sell,GULF,2025-10-28 11:35:47
ORD00726,FemboyLover_Oct28Test,16100.0,31.25,Buy,PTT,2025-10-28 14:20:18
ORD00727,FemboyLover_Oct28Test,25000.0,20.1,Buy,IVL,2025-10-28 15:21:09
ORD00728,FemboyLover_Oct28Test,16100.0,31.75,Sell,PTT,2025-10-28 14:20:19
ORD00729,FemboyLover_Oct28Test,11100.0,45.25,Buy,GULF,2025-10-28 11:36:08
ORD00730,FemboyLover_Oct28Test,11100.0,45.75,Sell,GULF,2025-10-28 11:36:12
ORD00731,FemboyLover_Oct28Test,16100.0,31.25,Buy,PTT,2025-10-28 14:20:25
ORD00732,FemboyLover_Oct28Test,11100.0,45.25,Buy,GULF,2025-10-28 11:36:12
ORD00733,FemboyLover_Oct28Test,16100.0,31.75,Sell,PTT,2025-10-28 14:20:30
ORD00734,FemboyLover_Oct28Test,11100.0,45.75,Sell,GULF,2025-10-28 11:36:34
ORD00735,FemboyLover_Oct28Test,11100.0,45.25,Buy,GULF,2025-10-28 11:36:35
ORD00736,FemboyLover_Oct28Test,11100.0,45.75,Sell,GULF,2025-10-28 11:36:43
ORD00737,FemboyLover_Oct28Test,11100.0,45.25,Buy,GULF,2025-10-28 11:37:11
ORD00738,FemboyLover_Oct28Test,11100.0,45.75,Sell,GULF,2025-10-28 11:37:14
ORD00739,FemboyLover_Oct28Test,16100.0,31.25,Buy,PTT,2025-10-28 14:21:43
ORD00740,FemboyLover_Oct28Test,11100.0,45.25,Buy,GULF,2025-10-28 11:38:57
ORD00741,FemboyLover_Oct28Test,16100.0,31.75,Sell,PTT,2025-10-28 14:21:44
ORD00742,FemboyLover_Oct28Test,11100.0,45.75,Sell,GULF,2025-10-28 11:39:02
ORD00743,FemboyLover_Oct28Test,19200.0,26.25,Buy,KTB,2025-10-28 11:06:17
ORD00744,FemboyLover_Oct28Test,25000.0,20.9,Sell,IVL,2025-10-28 15:27:04
ORD00745,FemboyLover_Oct28Test,16100.0,31.25,Buy,PTT,2025-10-28 14:22:18
ORD00746,FemboyLover_Oct28Test,19200.0,26.75,Sell,KTB,2025-10-28 11:06:45
ORD00747,FemboyLover_Oct28Test,19200.0,26.25,Buy,KTB,2025-10-28 11:06:59
ORD00748,FemboyLover_Oct28Test,16100.0,31.75,Sell,PTT,2025-10-28 14:22:18
ORD00749,FemboyLover_Oct28Test,11100.0,45.25,Buy,GULF,2025-10-28 11:40:47
ORD00750,FemboyLover_Oct28Test,11100.0,45.75,Sell,GULF,2025-10-28 11:41:35
ORD00751,FemboyLover_Oct28Test,11100.0,45.25,Buy,GULF,2025-10-28 11:41:53
ORD00752,FemboyLover_Oct28Test,25000.0,20.1,Buy,IVL,2025-10-28 15:27:17
ORD00753,FemboyLover_Oct28Test,19200.0,26.75,Sell,KTB,2025-10-28 11:07:31
ORD00754,FemboyLover_Oct28Test,19200.0,26.25,Buy,KTB,2025-10-28 11:07:46
ORD00755,FemboyLover_Oct28Test,11100.0,45.75,Sell,GULF,2025-10-28 11:42:51
ORD00756,FemboyLover_Oct28Test,25000.0,20.9,Sell,IVL,2025-10-28 15:27:25
ORD00757,FemboyLover_Oct28Test,19200.0,26.75,Sell,KTB,2025-10-28 11:08:12
ORD00758,FemboyLover_Oct28Test,11100.0,45.25,Buy,GULF,2025-10-28 11:43:23
ORD00759,FemboyLover_Oct28Test,25000.0,20.1,Buy,IVL,2025-10-28 15:27:42
ORD00760,FemboyLover_Oct28Test,19200.0,26.25,Buy,KTB,2025-10-28 11:08:27
ORD00761,FemboyLover_Oct28Test,11100.0,45.75,Sell,GULF,2025-10-28 11:43:39
ORD00762,FemboyLover_Oct28Test,19200.0,26.75,Sell,KTB,2025-10-28 11:08:51
ORD00763,FemboyLover_Oct28Test,16100.0,31.25,Buy,PTT,2025-10-28 14:23:41
ORD00764,FemboyLover_Oct28Test,16100.0,31.75,Sell,PTT,2025-10-28 14:23:43
ORD00765,FemboyLover_Oct28Test,19200.0,26.25,Buy,KTB,2025-10-28 11:09:04
ORD00766,FemboyLover_Oct28Test,19200.0,26.75,Sell,KTB,2025-10-28 11:09:22
ORD00767,FemboyLover_Oct28Test,19200.0,26.25,Buy,KTB,2025-10-28 11:09:22
ORD00768,FemboyLover_Oct28Test,19200.0,26.75,Sell,KTB,2025-10-28 11:09:22
ORD00769,FemboyLover_Oct28Test,11100.0,45.25,Buy,GULF,2025-10-28 11:45:52
ORD00770,FemboyLover_Oct28Test,16100.0,31.25,Buy,PTT,2025-10-28 14:24:18
ORD00771,FemboyLover_Oct28Test,11100.0,45.75,Sell,GULF,2025-10-28 11:46:21
ORD00772,FemboyLover_Oct28Test,16100.0,31.75,Sell,PTT,2025-10-28 14:24:33
ORD00773,FemboyLover_Oct28Test,11100.0,45.25,Buy,GULF,2025-10-28 11:46:23
ORD00774,FemboyLover_Oct28Test,11100.0,45.75,Sell,GULF,2025-10-28 11:46:58
ORD00775,FemboyLover_Oct28Test,19200.0,26.25,Buy,KTB,2025-10-28 11:09:25
ORD00776,FemboyLover_Oct28Test,19200.0,26.75,Sell,KTB,2025-10-28 11:09:25
ORD00777,FemboyLover_Oct28Test,11100.0,45.25,Buy,GULF,2025-10-28 11:47:27
ORD00778,FemboyLover_Oct28Test,19200.0,26.25,Buy,KTB,2025-10-28 11:09:37
ORD00779,FemboyLover_Oct28Test,11100.0,45.75,Sell,GULF,2025-10-28 11:47:33
ORD00780,FemboyLover_Oct28Test,11100.0,45.25,Buy,GULF,2025-10-28 11:47:42
ORD00781,FemboyLover_Oct28Test,11100.0,45.75,Sell,GULF,2025-10-28 11:47:44
ORD00782,FemboyLover_Oct28Test,11100.0,45.25,Buy,GULF,2025-10-28 11:47:45
ORD00783,FemboyLover_Oct28Test,11100.0,45.75,Sell,GULF,2025-10-28 11:48:10
ORD00784,FemboyLover_Oct28Test,25000.0,20.9,Sell,IVL,2025-10-28 15:32:16
ORD00785,FemboyLover_Oct28Test,16100.0,31.25,Buy,PTT,2025-10-28 14:26:19
ORD00786,FemboyLover_Oct28Test,25000.0,20.1,Buy,IVL,2025-10-28 15:32:16
ORD00787,FemboyLover_Oct28Test,16100.0,31.75,Sell,PTT,2025-10-28 14:26:20
ORD00788,FemboyLover_Oct28Test,25000.0,20.9,Sell,IVL,2025-10-28 15:32:16
ORD00789,FemboyLover_Oct28Test,25000.0,20.1,Buy,IVL,2025-10-28 15:32:34
ORD00790,FemboyLover_Oct28Test,16100.0,31.25,Buy,PTT,2025-10-28 14:27:32
ORD00791,FemboyLover_Oct28Test,16100.0,31.75,Sell,PTT,2025-10-28 14:27:33
ORD00792,FemboyLover_Oct28Test,11100.0,45.25,Buy,GULF,2025-10-28 11:49:47
ORD00793,FemboyLover_Oct28Test,25000.0,20.9,Sell,IVL,2025-10-28 15:33:33
ORD00794,FemboyLover_Oct28Test,11100.0,45.75,Sell,GULF,2025-10-28 11:50:09
ORD00795,FemboyLover_Oct28Test,11100.0,45.25,Buy,GULF,2025-10-28 11:50:14
ORD00796,FemboyLover_Oct28Test,16100.0,31.25,Buy,PTT,2025-10-28 14:28:07
ORD00797,FemboyLover_Oct28Test,11100.0,45.75,Sell,GULF,2025-10-28 11:50:41
ORD00798,FemboyLover_Oct28Test,16100.0,31.75,Sell,PTT,2025-10-28 14:28:09
ORD00799,FemboyLover_Oct28Test,11100.0,45.25,Buy,GULF,2025-10-28 11:50:46
ORD00800,FemboyLover_Oct28Test,11100.0,45.75,Sell,GULF,2025-10-28 11:50:49
ORD00801,FemboyLover_Oct28Test,19200.0,26.75,Sell,KTB,2025-10-28 11:12:36
ORD00802,FemboyLover_Oct28Test,16100.0,31.25,Buy,PTT,2025-10-28 14:28:18
ORD00803,FemboyLover_Oct28Test,19200.0,26.25,Buy,KTB,2025-10-28 11:12:47
ORD00804,FemboyLover_Oct28Test,16100.0,31.75,Sell,PTT,2025-10-28 14:28:19
ORD00805,FemboyLover_Oct28Test,11100.0,45.25,Buy,GULF,2025-10-28 11:51:22
ORD00806,FemboyLover_Oct28Test,19200.0,26.75,Sell,KTB,2025-10-28 11:13:08
ORD00807,FemboyLover_Oct28Test,19200.0,26.25,Buy,KTB,2025-10-28 11:13:12
ORD00808,FemboyLover_Oct28Test,11100.0,45.75,Sell,GULF,2025-10-28 11:52:36
ORD00809,FemboyLover_Oct28Test,16100.0,31.25,Buy,PTT,2025-10-28 14:29:26
ORD00810,FemboyLover_Oct28Test,16100.0,31.75,Sell,PTT,2025-10-28 14:29:27
ORD00811,FemboyLover_Oct28Test,16100.0,31.25,Buy,PTT,2025-10-28 14:29:45
ORD00812,FemboyLover_Oct28Test,16100.0,31.75,Sell,PTT,2025-10-28 14:29:56
ORD00813,FemboyLover_Oct28Test,11100.0,45.25,Buy,GULF,2025-10-28 11:55:03
ORD00814,FemboyLover_Oct28Test,11100.0,45.75,Sell,GULF,2025-10-28 11:55:16
ORD00815,FemboyLover_Oct28Test,16100.0,31.25,Buy,PTT,2025-10-28 14:30:11
ORD00816,FemboyLover_Oct28Test,19200.0,26.75,Sell,KTB,2025-10-28 11:15:18
ORD00817,FemboyLover_Oct28Test,16100.0,31.75,Sell,PTT,2025-10-28 14:30:13
ORD00818,FemboyLover_Oct28Test,19200.0,26.25,Buy,KTB,2025-10-28 11:15:18
ORD00819,FemboyLover_Oct28Test,16100.0,31.25,Buy,PTT,2025-10-28 14:30:14
ORD00820,FemboyLover_Oct28Test,19200.0,26.75,Sell,KTB,2025-10-28 11:15:31
ORD00821,FemboyLover_Oct28Test,16100.0,31.75,Sell,PTT,2025-10-28 14:30:14
ORD00822,FemboyLover_Oct28Test,11100.0,45.25,Buy,GULF,2025-10-28 11:56:27
ORD00823,FemboyLover_Oct28Test,19200.0,26.25,Buy,KTB,2025-10-28 11:15:44
ORD00824,FemboyLover_Oct28Test,16100.0,31.25,Buy,PTT,2025-10-28 14:30:19
ORD00825,FemboyLover_Oct28Test,19200.0,26.75,Sell,KTB,2025-10-28 11:16:06
ORD00826,FemboyLover_Oct28Test,16100.0,31.75,Sell,PTT,2025-10-28 14:30:21
ORD00827,FemboyLover_Oct28Test,19200.0,26.25,Buy,KTB,2025-10-28 11:16:07
ORD00828,FemboyLover_Oct28Test,19200.0,26.75,Sell,KTB,2025-10-28 11:16:20
ORD00829,FemboyLover_Oct28Test,19200.0,26.25,Buy,KTB,2025-10-28 11:16:20
ORD00830,FemboyLover_Oct28Test,11100.0,45.75,Sell,GULF,2025-10-28 11:57:04
ORD00831,FemboyLover_Oct28Test,19200.0,26.75,Sell,KTB,2025-10-28 11:16:24
ORD00832,FemboyLover_Oct28Test,19200.0,26.25,Buy,KTB,2025-10-28 11:16:34
ORD00833,FemboyLover_Oct28Test,11100.0,45.25,Buy,GULF,2025-10-28 11:57:33
ORD00834,FemboyLover_Oct28Test,16100.0,31.25,Buy,PTT,2025-10-28 14:30:54
ORD00835,FemboyLover_Oct28Test,19200.0,26.75,Sell,KTB,2025-10-28 11:17:10
ORD00836,FemboyLover_Oct28Test,16100.0,31.75,Sell,PTT,2025-10-28 14:31:03
ORD00837,FemboyLover_Oct28Test,19200.0,26.25,Buy,KTB,2025-10-28 11:17:10
ORD00838,FemboyLover_Oct28Test,11100.0,45.75,Sell,GULF,2025-10-28 11:58:15
ORD00839,FemboyLover_Oct28Test,25000.0,20.1,Buy,IVL,2025-10-28 15:35:35
ORD00840,FemboyLover_Oct28Test,19200.0,26.75,Sell,KTB,2025-10-28 11:17:17
ORD00841,FemboyLover_Oct28Test,11100.0,45.25,Buy,GULF,2025-10-28 11:58:50
ORD00842,FemboyLover_Oct28Test,25000.0,20.9,Sell,IVL,2025-10-28 15:35:44
ORD00843,FemboyLover_Oct28Test,19200.0,26.25,Buy,KTB,2025-10-28 11:17:17
ORD00844,FemboyLover_Oct28Test,11100.0,45.75,Sell,GULF,2025-10-28 11:58:58
ORD00845,FemboyLover_Oct28Test,19200.0,26.75,Sell,KTB,2025-10-28 11:17:20
ORD00846,FemboyLover_Oct28Test,19200.0,26.25,Buy,KTB,2025-10-28 11:17:32
ORD00847,FemboyLover_Oct28Test,19200.0,26.75,Sell,KTB,2025-10-28 11:17:39
ORD00848,FemboyLover_Oct28Test,16100.0,31.25,Buy,PTT,2025-10-28 14:31:36
ORD00849,FemboyLover_Oct28Test,11100.0,45.25,Buy,GULF,2025-10-28 11:59:50
ORD00850,FemboyLover_Oct28Test,19200.0,26.25,Buy,KTB,2025-10-28 11:17:41
ORD00851,FemboyLover_Oct28Test,16100.0,31.75,Sell,PTT,2025-10-28 14:31:36
ORD00852,FemboyLover_Oct28Test,11100.0,45.75,Sell,GULF,2025-10-28 12:00:24
ORD00853,FemboyLover_Oct28Test,19200.0,26.75,Sell,KTB,2025-10-28 11:17:41
ORD00854,FemboyLover_Oct28Test,11100.0,45.25,Buy,GULF,2025-10-28 12:00:33
ORD00855,FemboyLover_Oct28Test,19200.0,26.25,Buy,KTB,2025-10-28 11:17:48
ORD00856,FemboyLover_Oct28Test,25000.0,20.1,Buy,IVL,2025-10-28 15:36:22
ORD00857,FemboyLover_Oct28Test,25000.0,20.9,Sell,IVL,2025-10-28 15:37:01
ORD00858,FemboyLover_Oct28Test,25000.0,20.1,Buy,IVL,2025-10-28 15:38:20
ORD00859,FemboyLover_Oct28Test,19200.0,26.75,Sell,KTB,2025-10-28 11:18:54
ORD00860,FemboyLover_Oct28Test,19200.0,26.25,Buy,KTB,2025-10-28 11:18:54
ORD00861,FemboyLover_Oct28Test,16100.0,31.25,Buy,PTT,2025-10-28 14:32:07
ORD00862,FemboyLover_Oct28Test,25000.0,20.9,Sell,IVL,2025-10-28 15:40:33
ORD00863,FemboyLover_Oct28Test,11100.0,45.75,Sell,GULF,2025-10-28 12:00:48
ORD00864,FemboyLover_Oct28Test,19200.0,26.75,Sell,KTB,2025-10-28 11:19:31
ORD00865,FemboyLover_Oct28Test,16100.0,31.75,Sell,PTT,2025-10-28 14:32:19
ORD00866,FemboyLover_Oct28Test,19200.0,26.25,Buy,KTB,2025-10-28 11:19:32
ORD00867,FemboyLover_Oct28Test,11100.0,45.25,Buy,GULF,2025-10-28 12:01:19
ORD00868,FemboyLover_Oct28Test,25000.0,20.1,Buy,IVL,2025-10-28 15:44:53
ORD00869,FemboyLover_Oct28Test,19200.0,26.75,Sell,KTB,2025-10-28 11:20:15
ORD00870,FemboyLover_Oct28Test,19200.0,26.25,Buy,KTB,2025-10-28 11:20:15
ORD00871,FemboyLover_Oct28Test,19200.0,26.75,Sell,KTB,2025-10-28 11:20:24
ORD00872,FemboyLover_Oct28Test,16100.0,31.25,Buy,PTT,2025-10-28 14:32:52
ORD00873,FemboyLover_Oct28Test,19200.0,26.25,Buy,KTB,2025-10-28 11:20:25
ORD00874,FemboyLover_Oct28Test,16100.0,31.75,Sell,PTT,2025-10-28 14:32:52
ORD00875,FemboyLover_Oct28Test,19200.0,26.75,Sell,KTB,2025-10-28 11:20:38
ORD00876,FemboyLover_Oct28Test,16100.0,31.25,Buy,PTT,2025-10-28 14:32:52
ORD00877,FemboyLover_Oct28Test,19200.0,26.25,Buy,KTB,2025-10-28 11:20:38
ORD00878,FemboyLover_Oct28Test,16100.0,31.75,Sell,PTT,2025-10-28 14:32:52
ORD00879,FemboyLover_Oct28Test,19200.0,26.75,Sell,KTB,2025-10-28 11:20:48
ORD00880,FemboyLover_Oct28Test,16100.0,31.25,Buy,PTT,2025-10-28 14:32:59
ORD00881,FemboyLover_Oct28Test,19200.0,26.25,Buy,KTB,2025-10-28 11:20:59
ORD00882,FemboyLover_Oct28Test,16100.0,31.75,Sell,PTT,2025-10-28 14:33:00
ORD00883,FemboyLover_Oct28Test,11100.0,45.75,Sell,GULF,2025-10-28 12:02:24
ORD00884,FemboyLover_Oct28Test,16100.0,31.25,Buy,PTT,2025-10-28 14:33:00
ORD00885,FemboyLover_Oct28Test,11100.0,45.25,Buy,GULF,2025-10-28 12:02:35
ORD00886,FemboyLover_Oct28Test,16100.0,31.75,Sell,PTT,2025-10-28 14:33:02
ORD00887,FemboyLover_Oct28Test,19200.0,26.75,Sell,KTB,2025-10-28 11:21:38
ORD00888,FemboyLover_Oct28Test,19200.0,26.25,Buy,KTB,2025-10-28 11:21:49
ORD00889,FemboyLover_Oct28Test,11100.0,45.75,Sell,GULF,2025-10-28 12:03:38
ORD00890,FemboyLover_Oct28Test,11100.0,45.25,Buy,GULF,2025-10-28 12:05:25
ORD00891,FemboyLover_Oct28Test,19200.0,26.75,Sell,KTB,2025-10-28 11:22:57
ORD00892,FemboyLover_Oct28Test,11100.0,45.75,Sell,GULF,2025-10-28 12:06:05
ORD00893,FemboyLover_Oct28Test,19200.0,26.25,Buy,KTB,2025-10-28 11:23:10
ORD00894,FemboyLover_Oct28Test,16100.0,31.25,Buy,PTT,2025-10-28 14:34:11
ORD00895,FemboyLover_Oct28Test,11100.0,45.25,Buy,GULF,2025-10-28 12:06:07
ORD00896,FemboyLover_Oct28Test,16100.0,31.75,Sell,PTT,2025-10-28 14:34:11
ORD00897,FemboyLover_Oct28Test,11100.0,45.75,Sell,GULF,2025-10-28 12:06:12
ORD00898,FemboyLover_Oct28Test,11100.0,45.25,Buy,GULF,2025-10-28 12:06:38
ORD00899,FemboyLover_Oct28Test,11100.0,45.75,Sell,GULF,2025-10-28 12:07:01
ORD00900,FemboyLover_Oct28Test,19200.0,26.75,Sell,KTB,2025-10-28 11:24:15
ORD00901,FemboyLover_Oct28Test,11100.0,45.25,Buy,GULF,2025-10-28 12:07:04
ORD00902,FemboyLover_Oct28Test,11100.0,45.75,Sell,GULF,2025-10-28 12:08:00
ORD00903,FemboyLover_Oct28Test,19200.0,26.25,Buy,KTB,2025-10-28 11:24:28
ORD00904,FemboyLover_Oct28Test,16100.0,31.25,Buy,PTT,2025-10-28 14:34:20
ORD00905,FemboyLover_Oct28Test,16100.0,31.75,Sell,PTT,2025-10-28 14:34:21
ORD00906,FemboyLover_Oct28Test,11100.0,45.25,Buy,GULF,2025-10-28 12:09:05
ORD00907,FemboyLover_Oct28Test,11100.0,45.75,Sell,GULF,2025-10-28 12:09:47
ORD00908,FemboyLover_Oct28Test,16100.0,31.25,Buy,PTT,2025-10-28 14:34:22
ORD00909,FemboyLover_Oct28Test,11100.0,45.25,Buy,GULF,2025-10-28 12:09:48
ORD00910,FemboyLover_Oct28Test,19200.0,26.75,Sell,KTB,2025-10-28 11:24:56
ORD00911,FemboyLover_Oct28Test,19200.0,26.25,Buy,KTB,2025-10-28 11:24:57
ORD00912,FemboyLover_Oct28Test,16100.0,31.75,Sell,PTT,2025-10-28 14:34:23
ORD00913,FemboyLover_Oct28Test,25000.0,20.9,Sell,IVL,2025-10-28 15:56:59
ORD00914,FemboyLover_Oct28Test,19200.0,26.75,Sell,KTB,2025-10-28 11:24:57
ORD00915,FemboyLover_Oct28Test,25000.0,20.1,Buy,IVL,2025-10-28 15:57:04
ORD00916,FemboyLover_Oct28Test,11100.0,45.75,Sell,GULF,2025-10-28 12:10:22
ORD00917,FemboyLover_Oct28Test,19200.0,26.25,Buy,KTB,2025-10-28 11:24:59
ORD00918,FemboyLover_Oct28Test,19200.0,26.75,Sell,KTB,2025-10-28 11:25:19
ORD00919,FemboyLover_Oct28Test,11100.0,45.25,Buy,GULF,2025-10-28 12:10:40
ORD00920,FemboyLover_Oct28Test,19200.0,26.25,Buy,KTB,2025-10-28 11:25:20
ORD00921,FemboyLover_Oct28Test,11100.0,45.75,Sell,GULF,2025-10-28 12:11:14
ORD00922,FemboyLover_Oct28Test,11100.0,45.25,Buy,GULF,2025-10-28 12:11:23
ORD00923,FemboyLover_Oct28Test,16100.0,31.25,Buy,PTT,2025-10-28 14:35:48
ORD00924,FemboyLover_Oct28Test,11100.0,45.75,Sell,GULF,2025-10-28 12:11:46
ORD00925,FemboyLover_Oct28Test,19200.0,26.75,Sell,KTB,2025-10-28 11:26:37
ORD00926,FemboyLover_Oct28Test,16100.0,31.75,Sell,PTT,2025-10-28 14:35:49
ORD00927,FemboyLover_Oct28Test,11100.0,45.25,Buy,GULF,2025-10-28 12:11:47
ORD00928,FemboyLover_Oct28Test,19200.0,26.25,Buy,KTB,2025-10-28 11:26:48
ORD00929,FemboyLover_Oct28Test,11100.0,45.75,Sell,GULF,2025-10-28 12:11:54
ORD00930,FemboyLover_Oct28Test,11100.0,45.25,Buy,GULF,2025-10-28 12:11:54
ORD00931,FemboyLover_Oct28Test,11100.0,45.75,Sell,GULF,2025-10-28 12:12:06
ORD00932,FemboyLover_Oct28Test,11100.0,45.25,Buy,GULF,2025-10-28 12:13:13
ORD00933,FemboyLover_Oct28Test,11100.0,45.75,Sell,GULF,2025-10-28 12:13:13
ORD00934,FemboyLover_Oct28Test,11100.0,45.25,Buy,GULF,2025-10-28 12:13:14
ORD00935,FemboyLover_Oct28Test,19200.0,26.75,Sell,KTB,2025-10-28 11:28:10
ORD00936,FemboyLover_Oct28Test,16100.0,31.25,Buy,PTT,2025-10-28 14:36:15
ORD00937,FemboyLover_Oct28Test,19200.0,26.25,Buy,KTB,2025-10-28 11:28:10
ORD00938,FemboyLover_Oct28Test,16100.0,31.75,Sell,PTT,2025-10-28 14:36:17
ORD00939,FemboyLover_Oct28Test,11100.0,45.75,Sell,GULF,2025-10-28 12:13:57
ORD00940,FemboyLover_Oct28Test,11100.0,45.25,Buy,GULF,2025-10-28 12:14:42
ORD00941,FemboyLover_Oct28Test,25000.0,20.9,Sell,IVL,2025-10-28 15:59:02
ORD00942,FemboyLover_Oct28Test,11100.0,45.75,Sell,GULF,2025-10-28 12:14:42
ORD00943,FemboyLover_Oct28Test,25000.0,20.1,Buy,IVL,2025-10-28 15:59:02
ORD00944,FemboyLover_Oct28Test,19200.0,26.75,Sell,KTB,2025-10-28 11:29:12
ORD00945,FemboyLover_Oct28Test,11100.0,45.25,Buy,GULF,2025-10-28 12:15:04
ORD00946,FemboyLover_Oct28Test,19200.0,26.25,Buy,KTB,2025-10-28 11:29:12
ORD00947,FemboyLover_Oct28Test,11100.0,45.75,Sell,GULF,2025-10-28 12:15:09
ORD00948,FemboyLover_Oct28Test,19200.0,26.75,Sell,KTB,2025-10-28 11:29:12
ORD00949,FemboyLover_Oct28Test,16100.0,31.25,Buy,PTT,2025-10-28 14:37:22
ORD00950,FemboyLover_Oct28Test,19200.0,26.25,Buy,KTB,2025-10-28 11:29:25
ORD00951,FemboyLover_Oct28Test,11100.0,45.25,Buy,GULF,2025-10-28 12:15:20
ORD00952,FemboyLover_Oct28Test,16100.0,31.75,Sell,PTT,2025-10-28 14:37:30
ORD00953,FemboyLover_Oct28Test,11100.0,45.75,Sell,GULF,2025-10-28 12:15:20
ORD00954,FemboyLover_Oct28Test,19200.0,26.75,Sell,KTB,2025-10-28 11:29:38
ORD00955,FemboyLover_Oct28Test,11100.0,45.25,Buy,GULF,2025-10-28 12:15:37
ORD00956,FemboyLover_Oct28Test,19200.0,26.25,Buy,KTB,2025-10-28 11:29:49
ORD00957,FemboyLover_Oct28Test,16100.0,31.25,Buy,PTT,2025-10-28 14:37:39
ORD00958,FemboyLover_Oct28Test,19200.0,26.75,Sell,KTB,2025-10-28 11:30:05
ORD00959,FemboyLover_Oct28Test,16100.0,31.75,Sell,PTT,2025-10-28 14:37:40
ORD00960,FemboyLover_Oct28Test,19200.0,26.25,Buy,KTB,2025-10-28 11:30:16
ORD00961,FemboyLover_Oct28Test,11100.0,45.75,Sell,GULF,2025-10-28 12:16:11
ORD00962,FemboyLover_Oct28Test,11100.0,45.25,Buy,GULF,2025-10-28 12:16:32
ORD00963,FemboyLover_Oct28Test,19200.0,26.75,Sell,KTB,2025-10-28 11:30:34
ORD00964,FemboyLover_Oct28Test,19200.0,26.25,Buy,KTB,2025-10-28 11:30:35
ORD00965,FemboyLover_Oct28Test,11100.0,45.75,Sell,GULF,2025-10-28 12:17:04
ORD00966,FemboyLover_Oct28Test,16100.0,31.25,Buy,PTT,2025-10-28 14:38:55
ORD00967,FemboyLover_Oct28Test,11100.0,45.25,Buy,GULF,2025-10-28 12:17:25
ORD00968,FemboyLover_Oct28Test,16100.0,31.75,Sell,PTT,2025-10-28 14:39:10
ORD00969,FemboyLover_Oct28Test,11100.0,45.75,Sell,GULF,2025-10-28 12:17:30
ORD00970,FemboyLover_Oct28Test,19200.0,26.75,Sell,KTB,2025-10-28 11:30:59
ORD00971,FemboyLover_Oct28Test,16100.0,31.25,Buy,PTT,2025-10-28 14:39:41
ORD00972,FemboyLover_Oct28Test,16100.0,31.75,Sell,PTT,2025-10-28 14:39:45
ORD00973,FemboyLover_Oct28Test,11100.0,45.25,Buy,GULF,2025-10-28 12:18:00
ORD00974,FemboyLover_Oct28Test,19200.0,26.25,Buy,KTB,2025-10-28 11:31:10
ORD00975,FemboyLover_Oct28Test,11100.0,45.75,Sell,GULF,2025-10-28 12:18:06
ORD00976,FemboyLover_Oct28Test,16100.0,31.25,Buy,PTT,2025-10-28 14:40:03
ORD00977,FemboyLover_Oct28Test,19200.0,26.75,Sell,KTB,2025-10-28 11:31:22
ORD00978,FemboyLover_Oct28Test,16100.0,31.75,Sell,PTT,2025-10-28 14:40:20
ORD00979,FemboyLover_Oct28Test,11100.0,45.25,Buy,GULF,2025-10-28 12:18:40
ORD00980,FemboyLover_Oct28Test,19200.0,26.25,Buy,KTB,2025-10-28 11:31:34
ORD00981,FemboyLover_Oct28Test,16100.0,31.25,Buy,PTT,2025-10-28 14:40:21
ORD00982,FemboyLover_Oct28Test,11100.0,45.75,Sell,GULF,2025-10-28 12:18:50
ORD00983,FemboyLover_Oct28Test,19200.0,26.75,Sell,KTB,2025-10-28 11:31:43
ORD00984,FemboyLover_Oct28Test,16100.0,31.75,Sell,PTT,2025-10-28 14:40:22
ORD00985,FemboyLover_Oct28Test,19200.0,26.25,Buy,KTB,2025-10-28 11:31:48
ORD00986,FemboyLover_Oct28Test,11100.0,45.25,Buy,GULF,2025-10-28 12:19:00
ORD00987,FemboyLover_Oct28Test,19200.0,26.75,Sell,KTB,2025-10-28 11:31:57
ORD00988,FemboyLover_Oct28Test,16100.0,31.25,Buy,PTT,2025-10-28 14:40:36
ORD00989,FemboyLover_Oct28Test,11100.0,45.75,Sell,GULF,2025-10-28 12:19:08
ORD00990,FemboyLover_Oct28Test,16100.0,31.75,Sell,PTT,2025-10-28 14:40:37
ORD00991,FemboyLover_Oct28Test,25000.0,20.9,Sell,IVL,2025-10-28 16:02:29
ORD00992,FemboyLover_Oct28Test,19200.0,26.25,Buy,KTB,2025-10-28 11:32:15
ORD00993,FemboyLover_Oct28Test,25000.0,20.1,Buy,IVL,2025-10-28 16:02:31
ORD00994,FemboyLover_Oct28Test,11100.0,45.25,Buy,GULF,2025-10-28 12:19:54
ORD00995,FemboyLover_Oct28Test,11100.0,45.75,Sell,GULF,2025-10-28 12:19:59
ORD00996,FemboyLover_Oct28Test,11100.0,45.25,Buy,GULF,2025-10-28 12:20:27
ORD00997,FemboyLover_Oct28Test,19200.0,26.75,Sell,KTB,2025-10-28 11:33:09
ORD00998,FemboyLover_Oct28Test,16100.0,31.25,Buy,PTT,2025-10-28 14:41:54
ORD00999,FemboyLover_Oct28Test,11100.0,45.75,Sell,GULF,2025-10-28 12:20:31
ORD01000,FemboyLover_Oct28Test,16100.0,31.75,Sell,PTT,2025-10-28 14:42:04
ORD01001,FemboyLover_Oct28Test,11100.0,45.25,Buy,GULF,2025-10-28 12:20:35
ORD01002,FemboyLover_Oct28Test,16100.0,31.25,Buy,PTT,2025-10-28 14:42:14
ORD01003,FemboyLover_Oct28Test,11100.0,45.75,Sell,GULF,2025-10-28 12:20:46
ORD01004,FemboyLover_Oct28Test,19200.0,26.25,Buy,KTB,2025-10-28 11:33:23
ORD01005,FemboyLover_Oct28Test,16100.0,31.75,Sell,PTT,2025-10-28 14:42:15
ORD01006,FemboyLover_Oct28Test,19200.0,26.75,Sell,KTB,2025-10-28 11:33:32
ORD01007,FemboyLover_Oct28Test,16100.0,31.25,Buy,PTT,2025-10-28 14:42:16
ORD01008,FemboyLover_Oct28Test,11100.0,45.25,Buy,GULF,2025-10-28 12:20:53
ORD01009,FemboyLover_Oct28Test,19200.0,26.25,Buy,KTB,2025-10-28 11:33:35
ORD01010,FemboyLover_Oct28Test,16100.0,31.75,Sell,PTT,2025-10-28 14:42:22
ORD01011,FemboyLover_Oct28Test,11100.0,45.75,Sell,GULF,2025-10-28 12:21:20
ORD01012,FemboyLover_Oct28Test,16100.0,31.25,Buy,PTT,2025-10-28 14:42:22
ORD01013,FemboyLover_Oct28Test,25000.0,20.9,Sell,IVL,2025-10-28 16:04:36
ORD01014,FemboyLover_Oct28Test,16100.0,31.75,Sell,PTT,2025-10-28 14:42:27
ORD01015,FemboyLover_Oct28Test,25000.0,20.1,Buy,IVL,2025-10-28 16:04:40
ORD01016,FemboyLover_Oct28Test,25000.0,20.9,Sell,IVL,2025-10-28 16:04:44
ORD01017,FemboyLover_Oct28Test,25000.0,20.1,Buy,IVL,2025-10-28 16:04:50
ORD01018,FemboyLover_Oct28Test,19200.0,26.75,Sell,KTB,2025-10-28 11:34:33
ORD01019,FemboyLover_Oct28Test,19200.0,26.25,Buy,KTB,2025-10-28 11:34:33
ORD01020,FemboyLover_Oct28Test,16100.0,31.25,Buy,PTT,2025-10-28 14:43:22
ORD01021,FemboyLover_Oct28Test,16100.0,31.75,Sell,PTT,2025-10-28 14:43:22
ORD01022,FemboyLover_Oct28Test,11100.0,45.25,Buy,GULF,2025-10-28 12:22:41
ORD01023,FemboyLover_Oct28Test,11100.0,45.75,Sell,GULF,2025-10-28 12:22:41
ORD01024,FemboyLover_Oct28Test,25000.0,20.9,Sell,IVL,2025-10-28 16:05:47
ORD01025,FemboyLover_Oct28Test,25000.0,20.1,Buy,IVL,2025-10-28 16:06:11
ORD01026,FemboyLover_Oct28Test,11100.0,45.25,Buy,GULF,2025-10-28 12:23:20
ORD01027,FemboyLover_Oct28Test,16100.0,31.25,Buy,PTT,2025-10-28 14:43:57
ORD01028,FemboyLover_Oct28Test,19200.0,26.75,Sell,KTB,2025-10-28 11:36:15
ORD01029,FemboyLover_Oct28Test,16100.0,31.75,Sell,PTT,2025-10-28 14:43:59
ORD01030,FemboyLover_Oct28Test,19200.0,26.25,Buy,KTB,2025-10-28 11:36:15
ORD01031,FemboyLover_Oct28Test,19200.0,26.75,Sell,KTB,2025-10-28 11:36:15
ORD01032,FemboyLover_Oct28Test,19200.0,26.25,Buy,KTB,2025-10-28 11:36:25
ORD01033,FemboyLover_Oct28Test,19200.0,26.75,Sell,KTB,2025-10-28 11:37:01
ORD01034,FemboyLover_Oct28Test,19200.0,26.25,Buy,KTB,2025-10-28 11:37:04
ORD01035,FemboyLover_Oct28Test,16100.0,31.25,Buy,PTT,2025-10-28 14:45:14
ORD01036,FemboyLover_Oct28Test,11100.0,45.75,Sell,GULF,2025-10-28 12:23:46
ORD01037,FemboyLover_Oct28Test,16100.0,31.75,Sell,PTT,2025-10-28 14:45:16
ORD01038,FemboyLover_Oct28Test,11100.0,45.25,Buy,GULF,2025-10-28 12:24:07
ORD01039,FemboyLover_Oct28Test,11100.0,45.75,Sell,GULF,2025-10-28 12:24:26
ORD01040,FemboyLover_Oct28Test,19200.0,26.75,Sell,KTB,2025-10-28 11:37:27
ORD01041,FemboyLover_Oct28Test,16100.0,31.25,Buy,PTT,2025-10-28 14:45:41
ORD01042,FemboyLover_Oct28Test,11100.0,45.25,Buy,GULF,2025-10-28 12:24:26
ORD01043,FemboyLover_Oct28Test,19200.0,26.25,Buy,KTB,2025-10-28 11:37:42
ORD01044,FemboyLover_Oct28Test,16100.0,31.75,Sell,PTT,2025-10-28 14:45:52
ORD01045,FemboyLover_Oct28Test,19200.0,26.75,Sell,KTB,2025-10-28 11:37:45
ORD01046,FemboyLover_Oct28Test,16100.0,31.25,Buy,PTT,2025-10-28 14:45:57
ORD01047,FemboyLover_Oct28Test,11100.0,45.75,Sell,GULF,2025-10-28 12:24:46
ORD01048,FemboyLover_Oct28Test,19200.0,26.25,Buy,KTB,2025-10-28 11:37:52
ORD01049,FemboyLover_Oct28Test,16100.0,31.75,Sell,PTT,2025-10-28 14:45:57
ORD01050,FemboyLover_Oct28Test,23800.0,21.1,Buy,CPF,2025-10-28 15:43:28
ORD01051,FemboyLover_Oct28Test,23800.0,21.9,Sell,CPF,2025-10-28 15:43:30
ORD01052,FemboyLover_Oct28Test,11100.0,45.25,Buy,GULF,2025-10-28 12:25:01
ORD01053,FemboyLover_Oct28Test,11100.0,45.75,Sell,GULF,2025-10-28 12:25:05
ORD01054,FemboyLover_Oct28Test,23800.0,21.1,Buy,CPF,2025-10-28 15:43:35
ORD01055,FemboyLover_Oct28Test,11100.0,45.25,Buy,GULF,2025-10-28 12:25:06
ORD01056,FemboyLover_Oct28Test,11100.0,45.75,Sell,GULF,2025-10-28 12:25:24
ORD01057,FemboyLover_Oct28Test,16100.0,31.25,Buy,PTT,2025-10-28 14:46:51
ORD01058,FemboyLover_Oct28Test,16100.0,31.75,Sell,PTT,2025-10-28 14:46:52
ORD01059,FemboyLover_Oct28Test,16100.0,31.25,Buy,PTT,2025-10-28 14:47:11
ORD01060,FemboyLover_Oct28Test,16100.0,31.75,Sell,PTT,2025-10-28 14:47:13
ORD01061,FemboyLover_Oct28Test,11100.0,45.25,Buy,GULF,2025-10-28 12:25:33
ORD01062,FemboyLover_Oct28Test,19200.0,26.75,Sell,KTB,2025-10-28 11:39:21
ORD01063,FemboyLover_Oct28Test,16100.0,31.25,Buy,PTT,2025-10-28 14:48:08
ORD01064,FemboyLover_Oct28Test,11100.0,45.75,Sell,GULF,2025-10-28 12:25:42
ORD01065,FemboyLover_Oct28Test,19200.0,26.25,Buy,KTB,2025-10-28 11:39:32
ORD01066,FemboyLover_Oct28Test,16100.0,31.75,Sell,PTT,2025-10-28 14:48:09
ORD01067,FemboyLover_Oct28Test,23800.0,21.9,Sell,CPF,2025-10-28 15:43:35
ORD01068,FemboyLover_Oct28Test,16100.0,31.25,Buy,PTT,2025-10-28 14:48:09
ORD01069,FemboyLover_Oct28Test,11100.0,45.25,Buy,GULF,2025-10-28 12:26:01
ORD01070,FemboyLover_Oct28Test,16100.0,31.75,Sell,PTT,2025-10-28 14:48:10
ORD01071,FemboyLover_Oct28Test,23800.0,21.1,Buy,CPF,2025-10-28 15:43:35
ORD01072,FemboyLover_Oct28Test,19200.0,26.75,Sell,KTB,2025-10-28 11:39:32
ORD01073,FemboyLover_Oct28Test,11100.0,45.75,Sell,GULF,2025-10-28 12:26:11
ORD01074,FemboyLover_Oct28Test,19200.0,26.25,Buy,KTB,2025-10-28 11:39:47
ORD01075,FemboyLover_Oct28Test,23800.0,21.9,Sell,CPF,2025-10-28 15:43:35
ORD01076,FemboyLover_Oct28Test,19200.0,26.75,Sell,KTB,2025-10-28 11:40:15
ORD01077,FemboyLover_Oct28Test,19200.0,26.25,Buy,KTB,2025-10-28 11:40:29
ORD01078,FemboyLover_Oct28Test,11100.0,45.25,Buy,GULF,2025-10-28 12:26:34
ORD01079,FemboyLover_Oct28Test,11100.0,45.75,Sell,GULF,2025-10-28 12:26:47
ORD01080,FemboyLover_Oct28Test,11100.0,45.25,Buy,GULF,2025-10-28 12:27:00
ORD01081,FemboyLover_Oct28Test,11100.0,45.75,Sell,GULF,2025-10-28 12:27:00
ORD01082,FemboyLover_Oct28Test,16100.0,31.25,Buy,PTT,2025-10-28 14:50:01
ORD01083,FemboyLover_Oct28Test,11100.0,45.25,Buy,GULF,2025-10-28 12:27:01
ORD01084,FemboyLover_Oct28Test,16100.0,31.75,Sell,PTT,2025-10-28 14:50:02
ORD01085,FemboyLover_Oct28Test,11100.0,45.75,Sell,GULF,2025-10-28 12:27:03
ORD01086,FemboyLover_Oct28Test,16100.0,31.25,Buy,PTT,2025-10-28 14:50:18
ORD01087,FemboyLover_Oct28Test,11100.0,45.25,Buy,GULF,2025-10-28 12:27:15
ORD01088,FemboyLover_Oct28Test,16100.0,31.75,Sell,PTT,2025-10-28 14:50:20
ORD01089,FemboyLover_Oct28Test,11100.0,45.75,Sell,GULF,2025-10-28 12:27:18
ORD01090,FemboyLover_Oct28Test,16100.0,31.25,Buy,PTT,2025-10-28 14:50:30
ORD01091,FemboyLover_Oct28Test,16100.0,31.75,Sell,PTT,2025-10-28 14:50:30
ORD01092,FemboyLover_Oct28Test,11100.0,45.25,Buy,GULF,2025-10-28 12:27:27
ORD01093,FemboyLover_Oct28Test,11100.0,45.75,Sell,GULF,2025-10-28 12:27:33
ORD01094,FemboyLover_Oct28Test,16100.0,31.25,Buy,PTT,2025-10-28 14:50:37
ORD01095,FemboyLover_Oct28Test,16100.0,31.75,Sell,PTT,2025-10-28 14:50:38
ORD01096,FemboyLover_Oct28Test,23800.0,21.9,Sell,TIDLOR,2025-10-28 15:27:01
ORD01097,FemboyLover_Oct28Test,11100.0,45.25,Buy,GULF,2025-10-28 12:27:59
ORD01098,FemboyLover_Oct28Test,19200.0,26.75,Sell,KTB,2025-10-28 11:42:01
ORD01099,FemboyLover_Oct28Test,16100.0,31.25,Buy,PTT,2025-10-28 14:51:11
ORD01100,FemboyLover_Oct28Test,19200.0,26.25,Buy,KTB,2025-10-28 11:42:10
ORD01101,FemboyLover_Oct28Test,23800.0,21.1,Buy,TIDLOR,2025-10-28 15:31:02
ORD01102,FemboyLover_Oct28Test,11100.0,45.75,Sell,GULF,2025-10-28 12:28:08
ORD01103,FemboyLover_Oct28Test,19200.0,26.75,Sell,KTB,2025-10-28 11:42:10
ORD01104,FemboyLover_Oct28Test,23800.0,21.9,Sell,TIDLOR,2025-10-28 15:31:02
ORD01105,FemboyLover_Oct28Test,19200.0,26.25,Buy,KTB,2025-10-28 11:42:22
ORD01106,FemboyLover_Oct28Test,16100.0,31.75,Sell,PTT,2025-10-28 14:51:33
ORD01107,FemboyLover_Oct28Test,11100.0,45.25,Buy,GULF,2025-10-28 12:28:30
ORD01108,FemboyLover_Oct28Test,23800.0,21.1,Buy,TIDLOR,2025-10-28 15:35:38
ORD01109,FemboyLover_Oct28Test,23800.0,21.9,Sell,TIDLOR,2025-10-28 15:36:55
ORD01110,FemboyLover_Oct28Test,19200.0,26.75,Sell,KTB,2025-10-28 11:43:07
ORD01111,FemboyLover_Oct28Test,19200.0,26.25,Buy,KTB,2025-10-28 11:43:08
ORD01112,FemboyLover_Oct28Test,23800.0,21.1,Buy,TIDLOR,2025-10-28 15:40:16
ORD01113,FemboyLover_Oct28Test,11100.0,45.75,Sell,GULF,2025-10-28 12:28:30
ORD01114,FemboyLover_Oct28Test,23800.0,21.9,Sell,TIDLOR,2025-10-28 15:40:16
ORD01115,FemboyLover_Oct28Test,11100.0,45.25,Buy,GULF,2025-10-28 12:28:30
ORD01116,FemboyLover_Oct28Test,16100.0,31.25,Buy,PTT,2025-10-28 14:52:43
ORD01117,FemboyLover_Oct28Test,23800.0,21.1,Buy,TIDLOR,2025-10-28 15:40:49
ORD01118,FemboyLover_Oct28Test,23800.0,21.1,Buy,CPF,2025-10-28 15:43:45
ORD01119,FemboyLover_Oct28Test,16100.0,31.75,Sell,PTT,2025-10-28 14:52:44
ORD01120,FemboyLover_Oct28Test,23800.0,21.9,Sell,TIDLOR,2025-10-28 15:41:14
ORD01121,FemboyLover_Oct28Test,23800.0,21.1,Buy,TIDLOR,2025-10-28 15:41:23
ORD01122,FemboyLover_Oct28Test,23800.0,21.9,Sell,TIDLOR,2025-10-28 15:42:49
ORD01123,FemboyLover_Oct28Test,11100.0,45.75,Sell,GULF,2025-10-28 12:28:53
ORD01124,FemboyLover_Oct28Test,23800.0,21.1,Buy,TIDLOR,2025-10-28 15:43:00
ORD01125,FemboyLover_Oct28Test,11100.0,45.25,Buy,GULF,2025-10-28 12:29:08
ORD01126,FemboyLover_Oct28Test,19200.0,26.75,Sell,KTB,2025-10-28 11:44:15
ORD01127,FemboyLover_Oct28Test,23800.0,21.9,Sell,TIDLOR,2025-10-28 15:43:01
ORD01128,FemboyLover_Oct28Test,11100.0,45.75,Sell,GULF,2025-10-28 12:29:10
ORD01129,FemboyLover_Oct28Test,19200.0,26.25,Buy,KTB,2025-10-28 11:44:15
ORD01130,FemboyLover_Oct28Test,23800.0,21.1,Buy,TIDLOR,2025-10-28 15:44:03
ORD01131,FemboyLover_Oct28Test,11100.0,45.25,Buy,GULF,2025-10-28 12:29:14
ORD01132,FemboyLover_Oct28Test,11100.0,45.75,Sell,GULF,2025-10-28 12:29:15
ORD01133,FemboyLover_Oct28Test,23800.0,21.9,Sell,TIDLOR,2025-10-28 15:44:41
ORD01134,FemboyLover_Oct28Test,19200.0,26.75,Sell,KTB,2025-10-28 11:44:20
ORD01135,FemboyLover_Oct28Test,16100.0,31.25,Buy,PTT,2025-10-28 14:54:13
ORD01136,FemboyLover_Oct28Test,23800.0,21.9,Sell,CPF,2025-10-28 15:43:47
ORD01137,FemboyLover_Oct28Test,11100.0,45.25,Buy,GULF,2025-10-28 12:29:22
ORD01138,FemboyLover_Oct28Test,19200.0,26.25,Buy,KTB,2025-10-28 11:44:33
ORD01139,FemboyLover_Oct28Test,16100.0,31.75,Sell,PTT,2025-10-28 14:54:14
ORD01140,FemboyLover_Oct28Test,23800.0,21.1,Buy,TIDLOR,2025-10-28 15:44:55
ORD01141,FemboyLover_Oct28Test,11100.0,45.75,Sell,GULF,2025-10-28 12:29:24
ORD01142,FemboyLover_Oct28Test,11100.0,45.25,Buy,GULF,2025-10-28 12:29:30
ORD01143,FemboyLover_Oct28Test,19200.0,26.75,Sell,KTB,2025-10-28 11:44:53
ORD01144,FemboyLover_Oct28Test,11100.0,45.75,Sell,GULF,2025-10-28 12:29:45
ORD01145,FemboyLover_Oct28Test,19200.0,26.25,Buy,KTB,2025-10-28 11:45:01
ORD01146,FemboyLover_Oct28Test,23800.0,21.9,Sell,TIDLOR,2025-10-28 15:47:10
ORD01147,FemboyLover_Oct28Test,16100.0,31.25,Buy,PTT,2025-10-28 14:54:55
ORD01148,FemboyLover_Oct28Test,23800.0,21.1,Buy,TIDLOR,2025-10-28 15:47:27
ORD01149,FemboyLover_Oct28Test,16100.0,31.75,Sell,PTT,2025-10-28 14:55:05
ORD01150,FemboyLover_Oct28Test,23800.0,21.9,Sell,TIDLOR,2025-10-28 15:47:49
ORD01151,FemboyLover_Oct28Test,11100.0,45.25,Buy,GULF,2025-10-28 13:58:07
ORD01152,FemboyLover_Oct28Test,23800.0,21.1,Buy,TIDLOR,2025-10-28 15:47:58
ORD01153,FemboyLover_Oct28Test,19200.0,26.75,Sell,KTB,2025-10-28 11:45:39
ORD01154,FemboyLover_Oct28Test,19200.0,26.25,Buy,KTB,2025-10-28 11:45:51
ORD01155,FemboyLover_Oct28Test,16100.0,31.25,Buy,PTT,2025-10-28 14:55:14
ORD01156,FemboyLover_Oct28Test,16100.0,31.75,Sell,PTT,2025-10-28 14:55:15
ORD01157,FemboyLover_Oct28Test,11100.0,45.75,Sell,GULF,2025-10-28 13:58:10
ORD01158,FemboyLover_Oct28Test,23800.0,21.9,Sell,TIDLOR,2025-10-28 15:48:43
ORD01159,FemboyLover_Oct28Test,11100.0,45.25,Buy,GULF,2025-10-28 13:58:11
ORD01160,FemboyLover_Oct28Test,23800.0,21.1,Buy,TIDLOR,2025-10-28 15:48:50
ORD01161,FemboyLover_Oct28Test,23800.0,21.9,Sell,TIDLOR,2025-10-28 15:48:52
ORD01162,FemboyLover_Oct28Test,16100.0,31.25,Buy,PTT,2025-10-28 14:55:23
ORD01163,FemboyLover_Oct28Test,16100.0,31.75,Sell,PTT,2025-10-28 14:55:23
ORD01164,FemboyLover_Oct28Test,23800.0,21.1,Buy,TIDLOR,2025-10-28 15:49:05
ORD01165,FemboyLover_Oct28Test,23800.0,21.9,Sell,TIDLOR,2025-10-28 15:49:25
ORD01166,FemboyLover_Oct28Test,23800.0,21.1,Buy,TIDLOR,2025-10-28 15:49:36
ORD01167,FemboyLover_Oct28Test,23800.0,21.1,Buy,CPF,2025-10-28 15:44:00
ORD01168,FemboyLover_Oct28Test,11100.0,45.75,Sell,GULF,2025-10-28 13:58:27
ORD01169,FemboyLover_Oct28Test,16100.0,31.25,Buy,PTT,2025-10-28 14:56:03
ORD01170,FemboyLover_Oct28Test,11100.0,45.25,Buy,GULF,2025-10-28 13:58:42
ORD01171,FemboyLover_Oct28Test,16100.0,31.75,Sell,PTT,2025-10-28 14:56:11
ORD01172,FemboyLover_Oct28Test,11100.0,45.75,Sell,GULF,2025-10-28 13:59:05
ORD01173,FemboyLover_Oct28Test,25000.0,20.9,Sell,IVL,2025-10-28 16:16:25
ORD01174,FemboyLover_Oct28Test,25000.0,20.1,Buy,IVL,2025-10-28 16:16:40
ORD01175,FemboyLover_Oct28Test,11100.0,45.25,Buy,GULF,2025-10-28 13:59:14
ORD01176,FemboyLover_Oct28Test,19200.0,26.75,Sell,KTB,2025-10-28 11:47:46
ORD01177,FemboyLover_Oct28Test,25000.0,20.9,Sell,IVL,2025-10-28 16:16:55
ORD01178,FemboyLover_Oct28Test,16100.0,31.25,Buy,PTT,2025-10-28 14:56:35
ORD01179,FemboyLover_Oct28Test,11100.0,45.75,Sell,GULF,2025-10-28 13:59:34
ORD01180,FemboyLover_Oct28Test,25000.0,20.1,Buy,IVL,2025-10-28 16:17:08
ORD01181,FemboyLover_Oct28Test,16100.0,31.75,Sell,PTT,2025-10-28 14:56:35
ORD01182,FemboyLover_Oct28Test,25000.0,20.9,Sell,IVL,2025-10-28 16:17:10
ORD01183,FemboyLover_Oct28Test,23800.0,21.9,Sell,CPF,2025-10-28 15:44:10
ORD01184,FemboyLover_Oct28Test,25000.0,20.1,Buy,IVL,2025-10-28 16:17:19
ORD01185,FemboyLover_Oct28Test,16100.0,31.25,Buy,PTT,2025-10-28 14:56:35
ORD01186,FemboyLover_Oct28Test,23800.0,21.9,Sell,TIDLOR,2025-10-28 15:51:52
ORD01187,FemboyLover_Oct28Test,23800.0,21.1,Buy,CPF,2025-10-28 15:44:12
ORD01188,FemboyLover_Oct28Test,25000.0,20.9,Sell,IVL,2025-10-28 16:17:32
ORD01189,FemboyLover_Oct28Test,19200.0,26.25,Buy,KTB,2025-10-28 11:47:47
ORD01190,FemboyLover_Oct28Test,16100.0,31.75,Sell,PTT,2025-10-28 14:56:50
ORD01191,FemboyLover_Oct28Test,23800.0,21.1,Buy,TIDLOR,2025-10-28 15:51:55
ORD01192,FemboyLover_Oct28Test,11100.0,45.25,Buy,GULF,2025-10-28 14:00:13
ORD01193,FemboyLover_Oct28Test,25000.0,20.1,Buy,IVL,2025-10-28 16:17:42
ORD01194,FemboyLover_Oct28Test,11100.0,45.75,Sell,GULF,2025-10-28 14:00:30
ORD01195,FemboyLover_Oct28Test,11100.0,45.25,Buy,GULF,2025-10-28 14:00:31
ORD01196,FemboyLover_Oct28Test,11100.0,45.75,Sell,GULF,2025-10-28 14:00:47
ORD01197,FemboyLover_Oct28Test,19200.0,26.75,Sell,KTB,2025-10-28 11:48:20
ORD01198,FemboyLover_Oct28Test,23800.0,21.9,Sell,CPF,2025-10-28 15:44:40
ORD01199,FemboyLover_Oct28Test,25000.0,20.9,Sell,IVL,2025-10-28 16:18:44
ORD01200,FemboyLover_Oct28Test,19200.0,26.25,Buy,KTB,2025-10-28 11:48:32
ORD01201,FemboyLover_Oct28Test,25000.0,20.1,Buy,IVL,2025-10-28 16:18:47
ORD01202,FemboyLover_Oct28Test,23800.0,21.1,Buy,CPF,2025-10-28 15:44:53
ORD01203,FemboyLover_Oct28Test,19200.0,26.75,Sell,KTB,2025-10-28 11:48:42
ORD01204,FemboyLover_Oct28Test,16100.0,31.25,Buy,PTT,2025-10-28 14:57:17
ORD01205,FemboyLover_Oct28Test,19200.0,26.25,Buy,KTB,2025-10-28 11:48:51
ORD01206,FemboyLover_Oct28Test,16100.0,31.75,Sell,PTT,2025-10-28 14:57:22
ORD01207,FemboyLover_Oct28Test,16100.0,31.25,Buy,PTT,2025-10-28 14:57:40
ORD01208,FemboyLover_Oct28Test,19200.0,26.75,Sell,KTB,2025-10-28 11:49:17
ORD01209,FemboyLover_Oct28Test,19200.0,26.25,Buy,KTB,2025-10-28 11:49:17
ORD01210,FemboyLover_Oct28Test,16100.0,31.75,Sell,PTT,2025-10-28 14:57:48
ORD01211,FemboyLover_Oct28Test,11100.0,45.25,Buy,GULF,2025-10-28 14:02:01
ORD01212,FemboyLover_Oct28Test,11100.0,45.75,Sell,GULF,2025-10-28 14:02:11
ORD01213,FemboyLover_Oct28Test,19200.0,26.75,Sell,KTB,2025-10-28 11:49:37
ORD01214,FemboyLover_Oct28Test,23800.0,21.9,Sell,CPF,2025-10-28 15:46:05
ORD01215,FemboyLover_Oct28Test,19200.0,26.25,Buy,KTB,2025-10-28 11:49:37
ORD01216,FemboyLover_Oct28Test,11100.0,45.25,Buy,GULF,2025-10-28 14:02:46
ORD01217,FemboyLover_Oct28Test,19200.0,26.75,Sell,KTB,2025-10-28 11:49:37
ORD01218,FemboyLover_Oct28Test,16100.0,31.25,Buy,PTT,2025-10-28 14:57:59
ORD01219,FemboyLover_Oct28Test,11100.0,45.75,Sell,GULF,2025-10-28 14:02:47
ORD01220,FemboyLover_Oct28Test,16100.0,31.75,Sell,PTT,2025-10-28 14:58:09
ORD01221,FemboyLover_Oct28Test,19200.0,26.25,Buy,KTB,2025-10-28 11:49:43
ORD01222,FemboyLover_Oct28Test,23800.0,21.9,Sell,TIDLOR,2025-10-28 15:54:36
ORD01223,FemboyLover_Oct28Test,11100.0,45.25,Buy,GULF,2025-10-28 14:03:02
ORD01224,FemboyLover_Oct28Test,16100.0,31.25,Buy,PTT,2025-10-28 14:58:30
ORD01225,FemboyLover_Oct28Test,23800.0,21.1,Buy,TIDLOR,2025-10-28 15:54:46
ORD01226,FemboyLover_Oct28Test,11100.0,45.75,Sell,GULF,2025-10-28 14:03:08
ORD01227,FemboyLover_Oct28Test,16100.0,31.75,Sell,PTT,2025-10-28 14:58:51
ORD01228,FemboyLover_Oct28Test,11100.0,45.25,Buy,GULF,2025-10-28 14:03:16
ORD01229,FemboyLover_Oct28Test,11100.0,45.75,Sell,GULF,2025-10-28 14:03:31
ORD01230,FemboyLover_Oct28Test,23800.0,21.1,Buy,CPF,2025-10-28 15:46:30
ORD01231,FemboyLover_Oct28Test,19200.0,26.75,Sell,KTB,2025-10-28 11:50:35
ORD01232,FemboyLover_Oct28Test,16100.0,31.25,Buy,PTT,2025-10-28 14:59:29
ORD01233,FemboyLover_Oct28Test,23800.0,21.9,Sell,CPF,2025-10-28 15:46:31
ORD01234,FemboyLover_Oct28Test,11100.0,45.25,Buy,GULF,2025-10-28 14:03:44
ORD01235,FemboyLover_Oct28Test,19200.0,26.25,Buy,KTB,2025-10-28 11:50:35
ORD01236,FemboyLover_Oct28Test,16100.0,31.75,Sell,PTT,2025-10-28 14:59:31
ORD01237,FemboyLover_Oct28Test,16100.0,31.25,Buy,PTT,2025-10-28 14:59:43
ORD01238,FemboyLover_Oct28Test,16100.0,31.75,Sell,PTT,2025-10-28 14:59:43
ORD01239,FemboyLover_Oct28Test,23800.0,21.1,Buy,CPF,2025-10-28 15:46:33
ORD01240,FemboyLover_Oct28Test,23800.0,21.9,Sell,CPF,2025-10-28 15:46:34
ORD01241,FemboyLover_Oct28Test,11100.0,45.75,Sell,GULF,2025-10-28 14:04:14
ORD01242,FemboyLover_Oct28Test,16100.0,31.25,Buy,PTT,2025-10-28 14:59:51
ORD01243,FemboyLover_Oct28Test,11100.0,45.25,Buy,GULF,2025-10-28 14:04:21
ORD01244,FemboyLover_Oct28Test,16100.0,31.75,Sell,PTT,2025-10-28 14:59:53
ORD01245,FemboyLover_Oct28Test,11100.0,45.75,Sell,GULF,2025-10-28 14:04:21
ORD01246,FemboyLover_Oct28Test,25000.0,20.9,Sell,IVL,2025-10-28 16:21:59
ORD01247,FemboyLover_Oct28Test,23800.0,21.9,Sell,TIDLOR,2025-10-28 15:57:42
ORD01248,FemboyLover_Oct28Test,19200.0,26.75,Sell,KTB,2025-10-28 11:51:24
ORD01249,FemboyLover_Oct28Test,23800.0,21.1,Buy,TIDLOR,2025-10-28 15:57:56
ORD01250,FemboyLover_Oct28Test,11100.0,45.25,Buy,GULF,2025-10-28 14:04:42
ORD01251,FemboyLover_Oct28Test,19200.0,26.25,Buy,KTB,2025-10-28 11:51:28
ORD01252,FemboyLover_Oct28Test,11100.0,45.75,Sell,GULF,2025-10-28 14:04:57
ORD01253,FemboyLover_Oct28Test,19200.0,26.75,Sell,KTB,2025-10-28 11:51:31
ORD01254,FemboyLover_Oct28Test,16100.0,31.25,Buy,PTT,2025-10-28 15:00:25
ORD01255,FemboyLover_Oct28Test,23800.0,21.9,Sell,TIDLOR,2025-10-28 15:58:31
ORD01256,FemboyLover_Oct28Test,11100.0,45.25,Buy,GULF,2025-10-28 14:05:01
ORD01257,FemboyLover_Oct28Test,19200.0,26.25,Buy,KTB,2025-10-28 11:51:43
ORD01258,FemboyLover_Oct28Test,16100.0,31.75,Sell,PTT,2025-10-28 15:00:25
ORD01259,FemboyLover_Oct28Test,23800.0,21.1,Buy,TIDLOR,2025-10-28 15:58:44
ORD01260,FemboyLover_Oct28Test,16100.0,31.25,Buy,PTT,2025-10-28 15:00:25
ORD01261,FemboyLover_Oct28Test,19200.0,26.75,Sell,KTB,2025-10-28 11:51:47
ORD01262,FemboyLover_Oct28Test,16100.0,31.75,Sell,PTT,2025-10-28 15:00:25
ORD01263,FemboyLover_Oct28Test,19200.0,26.25,Buy,KTB,2025-10-28 11:51:58
ORD01264,FemboyLover_Oct28Test,11100.0,45.75,Sell,GULF,2025-10-28 14:05:11
ORD01265,FemboyLover_Oct28Test,11100.0,45.25,Buy,GULF,2025-10-28 14:05:12
ORD01266,FemboyLover_Oct28Test,16100.0,31.25,Buy,PTT,2025-10-28 15:00:47
ORD01267,FemboyLover_Oct28Test,16100.0,31.75,Sell,PTT,2025-10-28 15:00:48
ORD01268,FemboyLover_Oct28Test,23800.0,21.9,Sell,TIDLOR,2025-10-28 15:59:16
ORD01269,FemboyLover_Oct28Test,19200.0,26.75,Sell,KTB,2025-10-28 11:52:25
ORD01270,FemboyLover_Oct28Test,19200.0,26.25,Buy,KTB,2025-10-28 11:52:37
ORD01271,FemboyLover_Oct28Test,23800.0,21.1,Buy,CPF,2025-10-28 15:47:13
ORD01272,FemboyLover_Oct28Test,19200.0,26.75,Sell,KTB,2025-10-28 11:52:48
ORD01273,FemboyLover_Oct28Test,16100.0,31.25,Buy,PTT,2025-10-28 15:02:10
ORD01274,FemboyLover_Oct28Test,23800.0,21.9,Sell,CPF,2025-10-28 15:47:18
ORD01275,FemboyLover_Oct28Test,19200.0,26.25,Buy,KTB,2025-10-28 11:52:48
ORD01276,FemboyLover_Oct28Test,16100.0,31.75,Sell,PTT,2025-10-28 15:02:12
ORD01277,FemboyLover_Oct28Test,23800.0,21.1,Buy,CPF,2025-10-28 15:47:18
ORD01278,FemboyLover_Oct28Test,11100.0,45.75,Sell,GULF,2025-10-28 14:05:22
ORD01279,FemboyLover_Oct28Test,16100.0,31.25,Buy,PTT,2025-10-28 15:02:13
ORD01280,FemboyLover_Oct28Test,23800.0,21.9,Sell,CPF,2025-10-28 15:47:50
ORD01281,FemboyLover_Oct28Test,11100.0,45.25,Buy,GULF,2025-10-28 14:05:22
ORD01282,FemboyLover_Oct28Test,23800.0,21.1,Buy,CPF,2025-10-28 15:47:52
ORD01283,FemboyLover_Oct28Test,11100.0,45.75,Sell,GULF,2025-10-28 14:05:32
ORD01284,FemboyLover_Oct28Test,19200.0,26.75,Sell,KTB,2025-10-28 11:53:01
ORD01285,FemboyLover_Oct28Test,16100.0,31.75,Sell,PTT,2025-10-28 15:02:36
ORD01286,FemboyLover_Oct28Test,19200.0,26.25,Buy,KTB,2025-10-28 11:53:13
ORD01287,FemboyLover_Oct28Test,23800.0,21.9,Sell,CPF,2025-10-28 15:48:07
ORD01288,FemboyLover_Oct28Test,16100.0,31.25,Buy,PTT,2025-10-28 15:03:15
ORD01289,FemboyLover_Oct28Test,23800.0,21.1,Buy,CPF,2025-10-28 15:48:34
ORD01290,FemboyLover_Oct28Test,11100.0,45.25,Buy,GULF,2025-10-28 14:05:52
ORD01291,FemboyLover_Oct28Test,19200.0,26.75,Sell,KTB,2025-10-28 11:53:50
ORD01292,FemboyLover_Oct28Test,16100.0,31.75,Sell,PTT,2025-10-28 15:03:31
ORD01293,FemboyLover_Oct28Test,19200.0,26.25,Buy,KTB,2025-10-28 11:53:51
ORD01294,FemboyLover_Oct28Test,16100.0,31.25,Buy,PTT,2025-10-28 15:03:36
ORD01295,FemboyLover_Oct28Test,23800.0,21.9,Sell,CPF,2025-10-28 15:48:42
ORD01296,FemboyLover_Oct28Test,16100.0,31.75,Sell,PTT,2025-10-28 15:03:39
ORD01297,FemboyLover_Oct28Test,11100.0,45.75,Sell,GULF,2025-10-28 14:06:11
ORD01298,FemboyLover_Oct28Test,23800.0,21.1,Buy,CPF,2025-10-28 15:48:48
ORD01299,FemboyLover_Oct28Test,23800.0,21.9,Sell,CPF,2025-10-28 15:49:02
ORD01300,FemboyLover_Oct28Test,11100.0,45.25,Buy,GULF,2025-10-28 14:06:12
ORD01301,FemboyLover_Oct28Test,11100.0,45.75,Sell,GULF,2025-10-28 14:06:15
ORD01302,FemboyLover_Oct28Test,23800.0,21.1,Buy,CPF,2025-10-28 15:49:06
ORD01303,FemboyLover_Oct28Test,11100.0,45.25,Buy,GULF,2025-10-28 14:06:21
ORD01304,FemboyLover_Oct28Test,23800.0,21.9,Sell,CPF,2025-10-28 15:49:06
ORD01305,FemboyLover_Oct28Test,16100.0,31.25,Buy,PTT,2025-10-28 15:05:24
ORD01306,FemboyLover_Oct28Test,23800.0,21.1,Buy,CPF,2025-10-28 15:49:23
ORD01307,FemboyLover_Oct28Test,16100.0,31.75,Sell,PTT,2025-10-28 15:06:16
ORD01308,FemboyLover_Oct28Test,23800.0,21.9,Sell,CPF,2025-10-28 15:49:33
ORD01309,FemboyLover_Oct28Test,11100.0,45.75,Sell,GULF,2025-10-28 14:06:51
ORD01310,FemboyLover_Oct28Test,23800.0,21.1,Buy,CPF,2025-10-28 15:49:49
ORD01311,FemboyLover_Oct28Test,11100.0,45.25,Buy,GULF,2025-10-28 14:07:04
ORD01312,FemboyLover_Oct28Test,23800.0,21.9,Sell,CPF,2025-10-28 15:49:50
ORD01313,FemboyLover_Oct28Test,23800.0,21.1,Buy,CPF,2025-10-28 15:49:54
ORD01314,FemboyLover_Oct28Test,23800.0,21.9,Sell,CPF,2025-10-28 15:50:11
ORD01315,FemboyLover_Oct28Test,11100.0,45.75,Sell,GULF,2025-10-28 14:07:14
ORD01316,FemboyLover_Oct28Test,11100.0,45.25,Buy,GULF,2025-10-28 14:07:14
ORD01317,FemboyLover_Oct28Test,23800.0,21.1,Buy,CPF,2025-10-28 15:50:34
ORD01318,FemboyLover_Oct28Test,23800.0,21.9,Sell,CPF,2025-10-28 15:50:49
ORD01319,FemboyLover_Oct28Test,16100.0,31.25,Buy,PTT,2025-10-28 15:08:08
ORD01320,FemboyLover_Oct28Test,23800.0,21.1,Buy,CPF,2025-10-28 15:50:58
ORD01321,FemboyLover_Oct28Test,16100.0,31.75,Sell,PTT,2025-10-28 15:08:51
ORD01322,FemboyLover_Oct28Test,23800.0,21.9,Sell,CPF,2025-10-28 15:51:13
ORD01323,FemboyLover_Oct28Test,16100.0,31.25,Buy,PTT,2025-10-28 15:09:03
ORD01324,FemboyLover_Oct28Test,23800.0,21.1,Buy,CPF,2025-10-28 15:51:13
ORD01325,FemboyLover_Oct28Test,11100.0,45.75,Sell,GULF,2025-10-28 14:07:27
ORD01326,FemboyLover_Oct28Test,19200.0,26.75,Sell,KTB,2025-10-28 11:56:17
ORD01327,FemboyLover_Oct28Test,16100.0,31.75,Sell,PTT,2025-10-28 15:09:37
ORD01328,FemboyLover_Oct28Test,19200.0,26.25,Buy,KTB,2025-10-28 11:56:17
ORD01329,FemboyLover_Oct28Test,11100.0,45.25,Buy,GULF,2025-10-28 14:07:30
ORD01330,FemboyLover_Oct28Test,19200.0,26.75,Sell,KTB,2025-10-28 11:56:20
ORD01331,FemboyLover_Oct28Test,19200.0,26.25,Buy,KTB,2025-10-28 11:56:32
ORD01332,FemboyLover_Oct28Test,16100.0,31.25,Buy,PTT,2025-10-28 15:10:11
