Order Number,owner,Volume,Price,Side,Symbol,Timestamp
ORD00001,FemboyLover,87700.0,5.75,Buy,CCET,2025-11-10 09:56:20
ORD00002,FemboyLover,87700.0,5.75,Sell,CCET,2025-11-10 10:00:00
ORD00003,FemboyLover,233600.0,2.16,Buy,AWC,2025-11-10 10:31:01
ORD00004,FemboyLover,38100.0,13.2,Buy,TU,2025-11-10 10:26:01
ORD00005,FemboyLover,233600.0,2.16,Sell,AWC,2025-11-10 14:04:13
ORD00006,FemboyLover,38100.0,13.3,Sell,TU,2025-11-10 10:47:18
ORD00007,FemboyLover,1600.0,313.0,Buy,ADVANC,2025-11-10 10:41:27
ORD00008,FemboyLover,1600.0,315.0,Sell,ADVANC,2025-11-10 11:38:29
ORD00009,FemboyLover,2200.0,221.0,Buy,DELTA,2025-11-10 10:34:09
ORD00010,FemboyLover,32400.0,15.5,Buy,OSP,2025-11-10 16:00:44
ORD00011,FemboyLover,32400.0,15.4,Sell,OSP,2025-11-10 16:26:45
ORD00012,FemboyLover,2200.0,223.0,Sell,DELTA,2025-11-10 11:23:44
ORD00013,FemboyLover,24200.0,20.700000000000003,Buy,PTTGC,2025-11-10 16:11:07
ORD00014,FemboyLover,24200.0,20.599999999999998,Sell,PTTGC,2025-11-10 16:25:09
ORD00015,FemboyLover,11100.0,45.25,Buy,CPALL,2025-11-11 09:59:01
ORD00016,FemboyLover,9800.0,51.25,Buy,TCAP,2025-11-11 09:59:25
ORD00017,FemboyLover,11100.0,45.75,Sell,CPALL,2025-11-11 09:59:23
ORD00018,FemboyLover,18500.0,27.25,Buy,KTB,2025-11-11 10:01:25
ORD00019,FemboyLover,9600.0,52.25,Buy,CPN,2025-11-11 10:08:27
ORD00020,FemboyLover,11100.0,45.25,Buy,CPALL,2025-11-11 09:59:31
ORD00021,FemboyLover,9600.0,52.75,Sell,CPN,2025-11-11 10:08:59
ORD00022,FemboyLover,11100.0,45.75,Sell,CPALL,2025-11-11 09:59:32
ORD00023,FemboyLover,18500.0,27.75,Sell,KTB,2025-11-11 10:02:33
ORD00024,FemboyLover,18500.0,27.25,Buy,KTB,2025-11-11 10:02:35
ORD00025,FemboyLover,33300.0,15.1,Buy,OSP,2025-11-11 10:06:13
ORD00026,FemboyLover,18500.0,27.75,Sell,KTB,2025-11-11 10:03:36
ORD00027,FemboyLover,18500.0,27.25,Buy,KTB,2025-11-11 10:03:37
ORD00028,FemboyLover,18500.0,27.75,Sell,KTB,2025-11-11 10:03:41
ORD00029,FemboyLover,18500.0,27.25,Buy,KTB,2025-11-11 10:04:00
ORD00030,FemboyLover,18500.0,27.75,Sell,KTB,2025-11-11 10:04:11
ORD00031,FemboyLover,18500.0,27.25,Buy,KTB,2025-11-11 10:04:15
ORD00032,FemboyLover,33300.0,15.9,Sell,OSP,2025-11-11 10:06:14
ORD00033,FemboyLover,18500.0,27.75,Sell,KTB,2025-11-11 10:04:20
ORD00034,FemboyLover,18500.0,27.25,Buy,KTB,2025-11-11 10:04:24
ORD00035,FemboyLover,18500.0,27.75,Sell,KTB,2025-11-11 10:04:33
ORD00036,FemboyLover,18500.0,27.25,Buy,KTB,2025-11-11 10:04:58
ORD00037,FemboyLover,33300.0,15.1,Buy,OSP,2025-11-11 10:08:07
ORD00038,FemboyLover,18500.0,27.75,Sell,KTB,2025-11-11 10:05:20
ORD00039,FemboyLover,18500.0,27.25,Buy,KTB,2025-11-11 10:05:21
ORD00040,FemboyLover,11100.0,45.25,Buy,CPALL,2025-11-11 10:02:51
ORD00041,FemboyLover,11100.0,45.75,Sell,CPALL,2025-11-11 10:02:51
ORD00042,FemboyLover,9800.0,51.75,Sell,TCAP,2025-11-11 10:14:57
ORD00043,FemboyLover,18500.0,27.75,Sell,KTB,2025-11-11 10:06:56
ORD00044,FemboyLover,33300.0,15.9,Sell,OSP,2025-11-11 10:09:04
ORD00045,FemboyLover,18500.0,27.25,Buy,KTB,2025-11-11 10:06:58
ORD00046,FemboyLover,9600.0,52.25,Buy,CPN,2025-11-11 10:40:27
ORD00047,FemboyLover,9600.0,52.75,Sell,CPN,2025-11-11 10:44:17
ORD00048,FemboyLover,12100.0,41.25,Buy,CBG,2025-11-11 10:09:59
ORD00049,FemboyLover,12100.0,41.75,Sell,CBG,2025-11-11 10:09:59
ORD00050,FemboyLover,9600.0,52.25,Buy,CPN,2025-11-11 10:50:26
ORD00051,FemboyLover,33300.0,15.1,Buy,OSP,2025-11-11 10:11:09
ORD00052,FemboyLover,9600.0,52.75,Sell,CPN,2025-11-11 10:52:47
ORD00053,FemboyLover,9600.0,52.25,Buy,CPN,2025-11-11 10:53:18
ORD00054,FemboyLover,9600.0,52.75,Sell,CPN,2025-11-11 10:57:46
ORD00055,FemboyLover,9600.0,52.25,Buy,CPN,2025-11-11 10:57:46
ORD00056,FemboyLover,9600.0,52.75,Sell,CPN,2025-11-11 10:57:46
ORD00057,FemboyLover,9600.0,52.25,Buy,CPN,2025-11-11 10:57:47
ORD00058,FemboyLover,18500.0,27.75,Sell,KTB,2025-11-11 10:08:13
ORD00059,FemboyLover,18500.0,27.25,Buy,KTB,2025-11-11 10:08:29
ORD00060,FemboyLover,33300.0,15.9,Sell,OSP,2025-11-11 10:11:32
ORD00061,FemboyLover,18500.0,27.75,Sell,KTB,2025-11-11 10:09:08
ORD00062,FemboyLover,33300.0,15.1,Buy,OSP,2025-11-11 10:13:30
ORD00063,FemboyLover,33300.0,15.9,Sell,OSP,2025-11-11 10:13:32
ORD00064,FemboyLover,18500.0,27.25,Buy,KTB,2025-11-11 10:09:14
ORD00065,FemboyLover,12800.0,39.25,Buy,MTC,2025-11-11 10:18:34
ORD00066,FemboyLover,12800.0,39.75,Sell,MTC,2025-11-11 10:18:34
ORD00067,FemboyLover,33300.0,15.1,Buy,OSP,2025-11-11 10:15:04
ORD00068,FemboyLover,100000.0,5.05,Buy,BEM,2025-11-11 10:39:08
ORD00069,FemboyLover,12100.0,41.25,Buy,CBG,2025-11-11 10:17:37
ORD00070,FemboyLover,11100.0,45.25,Buy,CPALL,2025-11-11 10:04:29
ORD00071,FemboyLover,100000.0,5.95,Sell,BEM,2025-11-11 10:39:08
ORD00072,FemboyLover,12100.0,41.75,Sell,CBG,2025-11-11 10:17:37
ORD00073,FemboyLover,11100.0,45.75,Sell,CPALL,2025-11-11 10:04:39
ORD00074,FemboyLover,12800.0,39.25,Buy,MTC,2025-11-11 10:18:34
ORD00075,FemboyLover,33300.0,15.9,Sell,OSP,2025-11-11 10:15:46
ORD00076,FemboyLover,12100.0,41.25,Buy,CBG,2025-11-11 10:18:03
ORD00077,FemboyLover,12100.0,41.75,Sell,CBG,2025-11-11 10:18:03
ORD00078,FemboyLover,12800.0,39.75,Sell,MTC,2025-11-11 10:18:43
ORD00079,FemboyLover,33300.0,15.1,Buy,OSP,2025-11-11 10:17:21
ORD00080,FemboyLover,18500.0,27.75,Sell,KTB,2025-11-11 10:10:04
ORD00081,FemboyLover,33300.0,15.9,Sell,OSP,2025-11-11 10:18:59
ORD00082,FemboyLover,18500.0,27.25,Buy,KTB,2025-11-11 10:10:05
ORD00083,FemboyLover,12100.0,41.25,Buy,CBG,2025-11-11 10:18:42
ORD00084,FemboyLover,18500.0,27.75,Sell,KTB,2025-11-11 10:10:05
ORD00085,FemboyLover,18500.0,27.25,Buy,KTB,2025-11-11 10:10:09
ORD00086,FemboyLover,9600.0,52.75,Sell,CPN,2025-11-11 11:02:53
ORD00087,FemboyLover,12100.0,41.75,Sell,CBG,2025-11-11 10:18:45
ORD00088,FemboyLover,12100.0,41.25,Buy,CBG,2025-11-11 10:19:13
ORD00089,FemboyLover,9600.0,52.25,Buy,CPN,2025-11-11 11:04:41
ORD00090,FemboyLover,12100.0,41.75,Sell,CBG,2025-11-11 10:19:13
ORD00091,FemboyLover,18500.0,27.75,Sell,KTB,2025-11-11 10:10:30
ORD00092,FemboyLover,33300.0,15.1,Buy,OSP,2025-11-11 10:28:37
ORD00093,FemboyLover,11100.0,45.25,Buy,CPALL,2025-11-11 10:06:42
ORD00094,FemboyLover,18500.0,27.25,Buy,KTB,2025-11-11 10:10:31
ORD00095,FemboyLover,33300.0,15.9,Sell,OSP,2025-11-11 10:31:57
ORD00096,FemboyLover,11100.0,45.75,Sell,CPALL,2025-11-11 10:07:07
ORD00097,FemboyLover,12800.0,39.25,Buy,MTC,2025-11-11 10:29:25
ORD00098,FemboyLover,33300.0,15.1,Buy,OSP,2025-11-11 10:33:49
ORD00099,FemboyLover,12100.0,41.25,Buy,CBG,2025-11-11 10:21:32
ORD00100,FemboyLover,12100.0,41.75,Sell,CBG,2025-11-11 10:21:32
ORD00101,FemboyLover,12100.0,41.25,Buy,CBG,2025-11-11 10:21:40
ORD00102,FemboyLover,9600.0,52.75,Sell,CPN,2025-11-11 11:04:59
ORD00103,FemboyLover,12100.0,41.75,Sell,CBG,2025-11-11 10:22:13
ORD00104,FemboyLover,9600.0,52.25,Buy,CPN,2025-11-11 11:06:55
ORD00105,FemboyLover,9600.0,52.75,Sell,CPN,2025-11-11 11:06:56
ORD00106,FemboyLover,12100.0,41.25,Buy,CBG,2025-11-11 10:24:40
ORD00107,FemboyLover,12100.0,41.75,Sell,CBG,2025-11-11 10:24:40
ORD00108,FemboyLover,18500.0,27.75,Sell,KTB,2025-11-11 10:10:56
ORD00109,FemboyLover,12100.0,41.25,Buy,CBG,2025-11-11 10:24:45
ORD00110,FemboyLover,18500.0,27.25,Buy,KTB,2025-11-11 10:10:57
ORD00111,FemboyLover,9600.0,52.25,Buy,CPN,2025-11-11 11:14:43
ORD00112,FemboyLover,9600.0,52.75,Sell,CPN,2025-11-11 11:14:46
ORD00113,FemboyLover,9600.0,52.25,Buy,CPN,2025-11-11 11:17:37
ORD00114,FemboyLover,18500.0,27.75,Sell,KTB,2025-11-11 10:12:18
ORD00115,FemboyLover,18500.0,27.25,Buy,KTB,2025-11-11 10:12:23
ORD00116,FemboyLover,12100.0,41.75,Sell,CBG,2025-11-11 10:24:48
ORD00117,FemboyLover,9600.0,52.75,Sell,CPN,2025-11-11 11:18:48
ORD00118,FemboyLover,12100.0,41.25,Buy,CBG,2025-11-11 10:25:25
ORD00119,FemboyLover,33300.0,15.9,Sell,OSP,2025-11-11 10:41:38
ORD00120,FemboyLover,12100.0,41.75,Sell,CBG,2025-11-11 10:25:25
ORD00121,FemboyLover,12100.0,41.25,Buy,CBG,2025-11-11 10:25:28
ORD00122,FemboyLover,9600.0,52.25,Buy,CPN,2025-11-11 11:23:56
ORD00123,FemboyLover,18500.0,27.75,Sell,KTB,2025-11-11 10:12:33
ORD00124,FemboyLover,33300.0,15.1,Buy,OSP,2025-11-11 10:45:39
ORD00125,FemboyLover,18500.0,27.25,Buy,KTB,2025-11-11 10:12:35
ORD00126,FemboyLover,18500.0,27.75,Sell,KTB,2025-11-11 10:12:35
ORD00127,FemboyLover,18500.0,27.25,Buy,KTB,2025-11-11 10:12:36
ORD00128,FemboyLover,18500.0,27.75,Sell,KTB,2025-11-11 10:13:00
ORD00129,FemboyLover,18500.0,27.25,Buy,KTB,2025-11-11 10:13:14
ORD00130,FemboyLover,9600.0,52.75,Sell,CPN,2025-11-11 11:23:56
ORD00131,FemboyLover,9600.0,52.25,Buy,CPN,2025-11-11 11:23:56
ORD00132,FemboyLover,18500.0,27.75,Sell,KTB,2025-11-11 10:13:30
ORD00133,FemboyLover,18500.0,27.25,Buy,KTB,2025-11-11 10:13:37
ORD00134,FemboyLover,18500.0,27.75,Sell,KTB,2025-11-11 10:13:39
ORD00135,FemboyLover,18500.0,27.25,Buy,KTB,2025-11-11 10:13:56
ORD00136,FemboyLover,100000.0,5.05,Buy,BEM,2025-11-11 10:56:07
ORD00137,FemboyLover,100000.0,5.95,Sell,BEM,2025-11-11 10:56:07
ORD00138,FemboyLover,100000.0,5.05,Buy,BEM,2025-11-11 10:56:07
ORD00139,FemboyLover,100000.0,5.95,Sell,BEM,2025-11-11 10:56:07
ORD00140,FemboyLover,18500.0,27.75,Sell,KTB,2025-11-11 10:14:32
ORD00141,FemboyLover,9600.0,52.75,Sell,CPN,2025-11-11 11:24:55
ORD00142,FemboyLover,18500.0,27.25,Buy,KTB,2025-11-11 10:14:32
ORD00143,FemboyLover,18500.0,27.75,Sell,KTB,2025-11-11 10:14:37
ORD00144,FemboyLover,18500.0,27.25,Buy,KTB,2025-11-11 10:14:46
ORD00145,FemboyLover,18500.0,27.75,Sell,KTB,2025-11-11 10:14:46
ORD00146,FemboyLover,18500.0,27.25,Buy,KTB,2025-11-11 10:14:51
ORD00147,FemboyLover,18500.0,27.75,Sell,KTB,2025-11-11 10:14:56
ORD00148,FemboyLover,13800.0,36.25,Buy,TOP,2025-11-11 10:07:23
ORD00149,FemboyLover,18500.0,27.25,Buy,KTB,2025-11-11 10:15:06
ORD00150,FemboyLover,13800.0,36.75,Sell,TOP,2025-11-11 10:07:55
ORD00151,FemboyLover,18500.0,27.75,Sell,KTB,2025-11-11 10:15:15
ORD00152,FemboyLover,18500.0,27.25,Buy,KTB,2025-11-11 10:15:15
ORD00153,FemboyLover,18500.0,27.75,Sell,KTB,2025-11-11 10:15:26
ORD00154,FemboyLover,18500.0,27.25,Buy,KTB,2025-11-11 10:15:27
ORD00155,FemboyLover,18500.0,27.75,Sell,KTB,2025-11-11 10:15:29
ORD00156,FemboyLover,18500.0,27.25,Buy,KTB,2025-11-11 10:15:39
ORD00157,FemboyLover,13500.0,37.25,Buy,GPSC,2025-11-11 10:44:14
ORD00158,FemboyLover,18500.0,27.75,Sell,KTB,2025-11-11 10:15:45
ORD00159,FemboyLover,18500.0,27.25,Buy,KTB,2025-11-11 10:16:12
ORD00160,FemboyLover,18500.0,27.75,Sell,KTB,2025-11-11 10:16:15
ORD00161,FemboyLover,18500.0,27.25,Buy,KTB,2025-11-11 10:16:18
ORD00162,FemboyLover,18500.0,27.75,Sell,KTB,2025-11-11 10:16:30
ORD00163,FemboyLover,18500.0,27.25,Buy,KTB,2025-11-11 10:16:31
ORD00164,FemboyLover,13500.0,37.75,Sell,GPSC,2025-11-11 10:44:31
ORD00165,FemboyLover,11100.0,45.25,Buy,CPALL,2025-11-11 10:19:42
ORD00166,FemboyLover,100000.0,5.05,Buy,BEM,2025-11-11 10:56:14
ORD00167,FemboyLover,18500.0,27.75,Sell,KTB,2025-11-11 10:16:45
ORD00168,FemboyLover,100000.0,5.95,Sell,BEM,2025-11-11 10:56:36
ORD00169,FemboyLover,11100.0,45.75,Sell,CPALL,2025-11-11 10:19:42
ORD00170,FemboyLover,100000.0,5.05,Buy,BEM,2025-11-11 10:56:44
ORD00171,FemboyLover,13500.0,37.25,Buy,GPSC,2025-11-11 10:45:33
ORD00172,FemboyLover,18500.0,27.25,Buy,KTB,2025-11-11 10:17:07
ORD00173,FemboyLover,11100.0,45.25,Buy,CPALL,2025-11-11 10:19:42
ORD00174,FemboyLover,13500.0,37.75,Sell,GPSC,2025-11-11 10:46:40
ORD00175,FemboyLover,12100.0,41.75,Sell,CBG,2025-11-11 10:25:43
ORD00176,FemboyLover,11100.0,45.75,Sell,CPALL,2025-11-11 10:19:42
ORD00177,FemboyLover,18500.0,27.75,Sell,KTB,2025-11-11 10:17:15
ORD00178,FemboyLover,18500.0,27.25,Buy,KTB,2025-11-11 10:17:16
ORD00179,FemboyLover,11100.0,45.25,Buy,CPALL,2025-11-11 10:19:42
ORD00180,FemboyLover,100000.0,5.95,Sell,BEM,2025-11-11 10:57:28
ORD00181,FemboyLover,11100.0,45.75,Sell,CPALL,2025-11-11 10:19:42
ORD00182,FemboyLover,18500.0,27.75,Sell,KTB,2025-11-11 10:17:30
ORD00183,FemboyLover,12800.0,39.75,Sell,MTC,2025-11-11 10:29:56
ORD00184,FemboyLover,18500.0,27.25,Buy,KTB,2025-11-11 10:17:52
ORD00185,FemboyLover,13500.0,37.25,Buy,GPSC,2025-11-11 10:52:05
ORD00186,FemboyLover,13500.0,37.75,Sell,GPSC,2025-11-11 10:53:23
ORD00187,FemboyLover,18500.0,27.75,Sell,KTB,2025-11-11 10:18:00
ORD00188,FemboyLover,18500.0,27.25,Buy,KTB,2025-11-11 10:18:00
ORD00189,FemboyLover,18500.0,27.75,Sell,KTB,2025-11-11 10:18:00
ORD00190,FemboyLover,18500.0,27.25,Buy,KTB,2025-11-11 10:18:05
ORD00191,FemboyLover,13800.0,36.25,Buy,TOP,2025-11-11 10:09:21
ORD00192,FemboyLover,13800.0,36.75,Sell,TOP,2025-11-11 10:09:23
ORD00193,FemboyLover,18500.0,27.75,Sell,KTB,2025-11-11 10:18:15
ORD00194,FemboyLover,18500.0,27.25,Buy,KTB,2025-11-11 10:18:15
ORD00195,FemboyLover,13800.0,36.25,Buy,TOP,2025-11-11 10:09:24
ORD00196,FemboyLover,18500.0,27.75,Sell,KTB,2025-11-11 10:18:19
ORD00197,FemboyLover,13800.0,36.75,Sell,TOP,2025-11-11 10:09:26
ORD00198,FemboyLover,18500.0,27.25,Buy,KTB,2025-11-11 10:18:20
ORD00199,FemboyLover,11100.0,45.25,Buy,CPALL,2025-11-11 10:19:43
ORD00200,FemboyLover,18500.0,27.75,Sell,KTB,2025-11-11 10:18:30
ORD00201,FemboyLover,18500.0,27.25,Buy,KTB,2025-11-11 10:18:33
ORD00202,FemboyLover,18500.0,27.75,Sell,KTB,2025-11-11 10:18:45
ORD00203,FemboyLover,11100.0,45.75,Sell,CPALL,2025-11-11 10:19:50
ORD00204,FemboyLover,18500.0,27.25,Buy,KTB,2025-11-11 10:18:52
ORD00205,FemboyLover,18500.0,27.75,Sell,KTB,2025-11-11 10:18:59
ORD00206,FemboyLover,18500.0,27.25,Buy,KTB,2025-11-11 10:19:00
ORD00207,FemboyLover,18500.0,27.75,Sell,KTB,2025-11-11 10:19:00
ORD00208,FemboyLover,18500.0,27.25,Buy,KTB,2025-11-11 10:19:00
ORD00209,FemboyLover,18500.0,27.75,Sell,KTB,2025-11-11 10:19:11
ORD00210,FemboyLover,18500.0,27.25,Buy,KTB,2025-11-11 10:19:27
ORD00211,FemboyLover,18500.0,27.75,Sell,KTB,2025-11-11 10:19:30
ORD00212,FemboyLover,18500.0,27.25,Buy,KTB,2025-11-11 10:19:32
ORD00213,FemboyLover,13800.0,36.25,Buy,TOP,2025-11-11 10:10:01
ORD00214,FemboyLover,13800.0,36.75,Sell,TOP,2025-11-11 10:10:08
ORD00215,FemboyLover,13800.0,36.25,Buy,TOP,2025-11-11 10:10:20
ORD00216,FemboyLover,13800.0,36.75,Sell,TOP,2025-11-11 10:10:24
ORD00217,FemboyLover,13800.0,36.25,Buy,TOP,2025-11-11 10:10:31
ORD00218,FemboyLover,13800.0,36.75,Sell,TOP,2025-11-11 10:10:38
ORD00219,FemboyLover,13800.0,36.25,Buy,TOP,2025-11-11 10:11:02
ORD00220,FemboyLover,13800.0,36.75,Sell,TOP,2025-11-11 10:11:31
ORD00221,FemboyLover,13800.0,36.25,Buy,TOP,2025-11-11 10:11:39
ORD00222,FemboyLover,13800.0,36.75,Sell,TOP,2025-11-11 10:12:32
ORD00223,FemboyLover,13800.0,36.25,Buy,TOP,2025-11-11 10:13:47
ORD00224,FemboyLover,18500.0,27.75,Sell,KTB,2025-11-11 10:19:36
ORD00225,FemboyLover,18500.0,27.25,Buy,KTB,2025-11-11 10:19:36
ORD00226,FemboyLover,13800.0,36.75,Sell,TOP,2025-11-11 10:15:04
ORD00227,FemboyLover,18500.0,27.75,Sell,KTB,2025-11-11 10:19:36
ORD00228,FemboyLover,13800.0,36.25,Buy,TOP,2025-11-11 10:15:10
ORD00229,FemboyLover,100000.0,5.05,Buy,BEM,2025-11-11 11:25:45
ORD00230,FemboyLover,13800.0,36.75,Sell,TOP,2025-11-11 10:15:30
ORD00231,FemboyLover,100000.0,5.95,Sell,BEM,2025-11-11 11:27:31
ORD00232,FemboyLover,100000.0,5.05,Buy,BEM,2025-11-11 11:30:52
ORD00233,FemboyLover,100000.0,5.95,Sell,BEM,2025-11-11 11:32:02
ORD00234,FemboyLover,100000.0,5.05,Buy,BEM,2025-11-11 11:36:06
ORD00235,FemboyLover,100000.0,5.95,Sell,BEM,2025-11-11 11:36:06
ORD00236,FemboyLover,11100.0,45.25,Buy,CPALL,2025-11-11 10:28:37
ORD00237,FemboyLover,11100.0,45.75,Sell,CPALL,2025-11-11 10:28:37
ORD00238,FemboyLover,11100.0,45.25,Buy,CPALL,2025-11-11 10:28:37
ORD00239,FemboyLover,11100.0,45.75,Sell,CPALL,2025-11-11 10:28:37
ORD00240,FemboyLover,100000.0,5.05,Buy,BEM,2025-11-11 11:46:39
ORD00241,FemboyLover,100000.0,5.95,Sell,BEM,2025-11-11 11:47:39
ORD00242,FemboyLover,100000.0,5.05,Buy,BEM,2025-11-11 11:47:39
ORD00243,FemboyLover,100000.0,5.95,Sell,BEM,2025-11-11 11:47:39
ORD00244,FemboyLover,100000.0,5.05,Buy,BEM,2025-11-11 11:53:35
ORD00245,FemboyLover,100000.0,5.95,Sell,BEM,2025-11-11 11:58:15
ORD00246,FemboyLover,11100.0,45.25,Buy,CPALL,2025-11-11 10:29:55
ORD00247,FemboyLover,11100.0,45.75,Sell,CPALL,2025-11-11 10:30:03
ORD00248,FemboyLover,100000.0,5.05,Buy,BEM,2025-11-11 12:07:26
ORD00249,FemboyLover,100000.0,5.95,Sell,BEM,2025-11-11 12:09:55
ORD00250,FemboyLover,11100.0,45.25,Buy,CPALL,2025-11-11 10:34:22
ORD00251,FemboyLover,100000.0,5.05,Buy,BEM,2025-11-11 12:14:40
ORD00252,FemboyLover,100000.0,5.95,Sell,BEM,2025-11-11 12:14:41
ORD00253,FemboyLover,13800.0,36.25,Buy,TOP,2025-11-11 10:21:40
ORD00254,FemboyLover,13800.0,36.75,Sell,TOP,2025-11-11 10:21:40
ORD00255,FemboyLover,11100.0,45.75,Sell,CPALL,2025-11-11 10:34:22
ORD00256,FemboyLover,11100.0,45.25,Buy,CPALL,2025-11-11 10:34:23
ORD00257,FemboyLover,11100.0,45.75,Sell,CPALL,2025-11-11 10:34:40
ORD00258,FemboyLover,11100.0,45.25,Buy,CPALL,2025-11-11 10:35:34
ORD00259,FemboyLover,13800.0,36.25,Buy,TOP,2025-11-11 10:21:41
ORD00260,FemboyLover,100000.0,5.05,Buy,BEM,2025-11-11 12:29:46
ORD00261,FemboyLover,11100.0,45.75,Sell,CPALL,2025-11-11 10:35:34
ORD00262,FemboyLover,100000.0,5.95,Sell,BEM,2025-11-11 12:29:56
ORD00263,FemboyLover,100000.0,5.05,Buy,BEM,2025-11-11 13:56:06
ORD00264,FemboyLover,100000.0,5.95,Sell,BEM,2025-11-11 13:56:06
ORD00265,FemboyLover,11100.0,45.25,Buy,CPALL,2025-11-11 10:36:30
ORD00266,FemboyLover,11100.0,45.75,Sell,CPALL,2025-11-11 10:37:57
ORD00267,FemboyLover,100000.0,5.05,Buy,BEM,2025-11-11 13:58:41
ORD00268,FemboyLover,100000.0,5.95,Sell,BEM,2025-11-11 14:00:10
ORD00269,FemboyLover,11100.0,45.25,Buy,CPALL,2025-11-11 10:40:38
ORD00270,FemboyLover,100000.0,5.05,Buy,BEM,2025-11-11 14:01:33
ORD00271,FemboyLover,11100.0,45.75,Sell,CPALL,2025-11-11 10:40:52
ORD00272,FemboyLover,100000.0,5.95,Sell,BEM,2025-11-11 14:01:59
ORD00273,FemboyLover,11100.0,45.25,Buy,CPALL,2025-11-11 10:41:18
ORD00274,FemboyLover,11100.0,45.75,Sell,CPALL,2025-11-11 10:41:43
ORD00275,FemboyLover,11100.0,45.25,Buy,CPALL,2025-11-11 10:41:56
ORD00276,FemboyLover,11100.0,45.75,Sell,CPALL,2025-11-11 10:42:12
ORD00277,FemboyLover,11100.0,45.25,Buy,CPALL,2025-11-11 10:44:02
ORD00278,FemboyLover,13800.0,36.75,Sell,TOP,2025-11-11 10:21:50
ORD00279,FemboyLover,11100.0,45.75,Sell,CPALL,2025-11-11 10:44:16
ORD00280,FemboyLover,13800.0,36.25,Buy,TOP,2025-11-11 10:21:50
ORD00281,FemboyLover,11100.0,45.25,Buy,CPALL,2025-11-11 10:44:16
ORD00282,FemboyLover,13800.0,36.75,Sell,TOP,2025-11-11 10:21:50
ORD00283,FemboyLover,13800.0,36.25,Buy,TOP,2025-11-11 10:21:50
ORD00284,FemboyLover,13800.0,36.75,Sell,TOP,2025-11-11 10:21:50
ORD00285,FemboyLover,100000.0,5.05,Buy,BEM,2025-11-11 14:10:27
ORD00286,FemboyLover,11100.0,45.75,Sell,CPALL,2025-11-11 10:44:17
ORD00287,FemboyLover,13800.0,36.25,Buy,TOP,2025-11-11 10:21:51
ORD00288,FemboyLover,11100.0,45.25,Buy,CPALL,2025-11-11 10:44:17
ORD00289,FemboyLover,100000.0,5.95,Sell,BEM,2025-11-11 14:10:27
ORD00290,FemboyLover,11100.0,45.75,Sell,CPALL,2025-11-11 10:44:18
ORD00291,FemboyLover,11100.0,45.25,Buy,CPALL,2025-11-11 10:44:19
ORD00292,FemboyLover,11100.0,45.75,Sell,CPALL,2025-11-11 10:44:20
ORD00293,FemboyLover,13800.0,36.75,Sell,TOP,2025-11-11 10:22:44
ORD00294,FemboyLover,13800.0,36.25,Buy,TOP,2025-11-11 10:23:25
ORD00295,FemboyLover,11100.0,45.25,Buy,CPALL,2025-11-11 10:44:59
ORD00296,FemboyLover,11100.0,45.75,Sell,CPALL,2025-11-11 10:44:59
ORD00297,FemboyLover,100000.0,5.05,Buy,BEM,2025-11-11 14:13:34
ORD00298,FemboyLover,100000.0,5.95,Sell,BEM,2025-11-11 14:13:34
ORD00299,FemboyLover,11100.0,45.25,Buy,CPALL,2025-11-11 10:45:21
ORD00300,FemboyLover,11100.0,45.75,Sell,CPALL,2025-11-11 10:45:38
ORD00301,FemboyLover,11100.0,45.25,Buy,CPALL,2025-11-11 10:46:16
ORD00302,FemboyLover,11100.0,45.75,Sell,CPALL,2025-11-11 10:46:16
ORD00303,FemboyLover,13500.0,37.25,Buy,GPSC,2025-11-11 12:19:48
ORD00304,FemboyLover,11100.0,45.25,Buy,CPALL,2025-11-11 10:46:26
ORD00305,FemboyLover,11100.0,45.75,Sell,CPALL,2025-11-11 10:46:31
ORD00306,FemboyLover,13500.0,37.75,Sell,GPSC,2025-11-11 12:21:10
ORD00307,FemboyLover,11100.0,45.25,Buy,CPALL,2025-11-11 10:46:35
ORD00308,FemboyLover,11100.0,45.75,Sell,CPALL,2025-11-11 10:46:35
ORD00309,FemboyLover,11100.0,45.25,Buy,CPALL,2025-11-11 10:47:28
ORD00310,FemboyLover,11100.0,45.75,Sell,CPALL,2025-11-11 10:48:05
ORD00311,FemboyLover,11100.0,45.25,Buy,CPALL,2025-11-11 10:48:19
ORD00312,FemboyLover,11100.0,45.75,Sell,CPALL,2025-11-11 10:48:22
ORD00313,FemboyLover,11100.0,45.25,Buy,CPALL,2025-11-11 10:49:05
ORD00314,FemboyLover,11100.0,45.75,Sell,CPALL,2025-11-11 10:49:05
ORD00315,FemboyLover,11100.0,45.25,Buy,CPALL,2025-11-11 10:49:16
ORD00316,FemboyLover,11100.0,45.75,Sell,CPALL,2025-11-11 10:49:16
ORD00317,FemboyLover,11100.0,45.25,Buy,CPALL,2025-11-11 10:49:16
ORD00318,FemboyLover,11100.0,45.75,Sell,CPALL,2025-11-11 10:49:17
ORD00319,FemboyLover,11100.0,45.25,Buy,CPALL,2025-11-11 10:49:26
ORD00320,FemboyLover,11100.0,45.75,Sell,CPALL,2025-11-11 10:49:40
ORD00321,FemboyLover,11100.0,45.25,Buy,CPALL,2025-11-11 10:50:27
ORD00322,FemboyLover,11100.0,45.75,Sell,CPALL,2025-11-11 10:50:27
ORD00323,FemboyLover,13800.0,36.75,Sell,TOP,2025-11-11 10:38:31
ORD00324,FemboyLover,13800.0,36.25,Buy,TOP,2025-11-11 10:38:38
ORD00325,FemboyLover,11100.0,45.25,Buy,CPALL,2025-11-11 10:51:24
ORD00326,FemboyLover,13800.0,36.75,Sell,TOP,2025-11-11 10:39:32
ORD00327,FemboyLover,11100.0,45.75,Sell,CPALL,2025-11-11 10:51:25
ORD00328,FemboyLover,13800.0,36.25,Buy,TOP,2025-11-11 10:39:56
ORD00329,FemboyLover,13800.0,36.75,Sell,TOP,2025-11-11 10:40:21
ORD00330,FemboyLover,13800.0,36.25,Buy,TOP,2025-11-11 10:40:29
ORD00331,FemboyLover,13800.0,36.75,Sell,TOP,2025-11-11 10:40:30
ORD00332,FemboyLover,13800.0,36.25,Buy,TOP,2025-11-11 10:40:36
ORD00333,FemboyLover,11100.0,45.25,Buy,CPALL,2025-11-11 10:51:57
ORD00334,FemboyLover,11100.0,45.75,Sell,CPALL,2025-11-11 10:52:12
ORD00335,FemboyLover,11100.0,45.25,Buy,CPALL,2025-11-11 10:52:35
ORD00336,FemboyLover,13500.0,37.25,Buy,GPSC,2025-11-11 12:29:49
ORD00337,FemboyLover,13500.0,37.75,Sell,GPSC,2025-11-11 12:29:57
ORD00338,FemboyLover,11100.0,45.75,Sell,CPALL,2025-11-11 10:52:47
ORD00339,FemboyLover,11100.0,45.25,Buy,CPALL,2025-11-11 10:53:11
ORD00340,FemboyLover,11100.0,45.75,Sell,CPALL,2025-11-11 10:53:28
ORD00341,FemboyLover,13800.0,36.75,Sell,TOP,2025-11-11 10:45:04
ORD00342,FemboyLover,11100.0,45.25,Buy,CPALL,2025-11-11 10:54:02
ORD00343,FemboyLover,13800.0,36.25,Buy,TOP,2025-11-11 10:45:14
ORD00344,FemboyLover,11100.0,45.75,Sell,CPALL,2025-11-11 10:54:05
ORD00345,FemboyLover,11100.0,45.25,Buy,CPALL,2025-11-11 10:54:06
ORD00346,FemboyLover,11100.0,45.75,Sell,CPALL,2025-11-11 10:54:28
ORD00347,FemboyLover,11100.0,45.25,Buy,CPALL,2025-11-11 10:55:13
ORD00348,FemboyLover,13500.0,37.25,Buy,GPSC,2025-11-11 14:00:27
ORD00349,FemboyLover,11100.0,45.75,Sell,CPALL,2025-11-11 10:55:41
ORD00350,FemboyLover,13500.0,37.75,Sell,GPSC,2025-11-11 14:02:28
ORD00351,FemboyLover,11100.0,45.25,Buy,CPALL,2025-11-11 10:56:36
ORD00352,FemboyLover,13800.0,36.75,Sell,TOP,2025-11-11 10:50:31
ORD00353,FemboyLover,13800.0,36.25,Buy,TOP,2025-11-11 10:50:48
ORD00354,FemboyLover,13800.0,36.75,Sell,TOP,2025-11-11 10:50:58
ORD00355,FemboyLover,13800.0,36.25,Buy,TOP,2025-11-11 10:51:15
ORD00356,FemboyLover,11100.0,45.75,Sell,CPALL,2025-11-11 10:57:06
ORD00357,FemboyLover,11100.0,45.25,Buy,CPALL,2025-11-11 10:57:16
ORD00358,FemboyLover,13800.0,36.75,Sell,TOP,2025-11-11 10:51:45
ORD00359,FemboyLover,13800.0,36.25,Buy,TOP,2025-11-11 10:52:01
ORD00360,FemboyLover,33300.0,15.9,Sell,OSP,2025-11-11 14:12:01
ORD00361,FemboyLover,11100.0,45.75,Sell,CPALL,2025-11-11 10:57:31
ORD00362,FemboyLover,13800.0,36.75,Sell,TOP,2025-11-11 10:54:20
ORD00363,FemboyLover,13800.0,36.25,Buy,TOP,2025-11-11 10:55:16
ORD00364,FemboyLover,13500.0,37.25,Buy,GPSC,2025-11-11 14:13:23
ORD00365,FemboyLover,13500.0,37.75,Sell,GPSC,2025-11-11 14:14:03
ORD00366,FemboyLover,13800.0,36.75,Sell,TOP,2025-11-11 10:55:49
ORD00367,FemboyLover,13800.0,36.25,Buy,TOP,2025-11-11 10:57:25
ORD00368,FemboyLover,13800.0,36.75,Sell,TOP,2025-11-11 10:57:42
ORD00369,FemboyLover,13800.0,36.25,Buy,TOP,2025-11-11 10:57:56
ORD00370,FemboyLover,13800.0,36.75,Sell,TOP,2025-11-11 10:58:42
ORD00371,FemboyLover,13800.0,36.25,Buy,TOP,2025-11-11 10:58:43
ORD00372,FemboyLover,13800.0,36.75,Sell,TOP,2025-11-11 10:59:43
ORD00373,FemboyLover,13800.0,36.25,Buy,TOP,2025-11-11 11:01:15
ORD00374,FemboyLover,13800.0,36.75,Sell,TOP,2025-11-11 11:02:33
ORD00375,FemboyLover,13800.0,36.25,Buy,TOP,2025-11-11 11:03:21
ORD00376,FemboyLover,13800.0,36.75,Sell,TOP,2025-11-11 11:06:32
ORD00377,FemboyLover,13800.0,36.25,Buy,TOP,2025-11-11 11:06:45
ORD00378,FemboyLover,13800.0,36.75,Sell,TOP,2025-11-11 11:09:31
ORD00379,FemboyLover,13800.0,36.25,Buy,TOP,2025-11-11 11:09:33
ORD00380,FemboyLover,13800.0,36.75,Sell,TOP,2025-11-11 11:12:13
ORD00381,FemboyLover,13800.0,36.25,Buy,TOP,2025-11-11 11:13:35
ORD00382,FemboyLover,13800.0,36.75,Sell,TOP,2025-11-11 11:14:17
ORD00383,FemboyLover,13800.0,36.25,Buy,TOP,2025-11-11 11:15:10
ORD00384,FemboyLover,13800.0,36.75,Sell,TOP,2025-11-11 11:15:49
ORD00385,FemboyLover,13800.0,36.25,Buy,TOP,2025-11-11 11:16:04
ORD00386,FemboyLover,13800.0,36.75,Sell,TOP,2025-11-11 11:18:08
ORD00387,FemboyLover,13800.0,36.25,Buy,TOP,2025-11-11 11:21:06
ORD00388,FemboyLover,13800.0,36.75,Sell,TOP,2025-11-11 11:21:14
ORD00389,FemboyLover,13800.0,36.25,Buy,TOP,2025-11-11 11:21:19
ORD00390,FemboyLover,13800.0,36.75,Sell,TOP,2025-11-11 11:21:35
ORD00391,FemboyLover,13800.0,36.25,Buy,TOP,2025-11-11 11:21:38
ORD00392,FemboyLover,13800.0,36.75,Sell,TOP,2025-11-11 11:22:12
ORD00393,FemboyLover,13800.0,36.25,Buy,TOP,2025-11-11 11:22:41
ORD00394,FemboyLover,11100.0,45.25,Buy,CPALL,2025-11-11 10:57:46
ORD00395,FemboyLover,13800.0,36.75,Sell,TOP,2025-11-11 11:24:20
ORD00396,FemboyLover,13800.0,36.25,Buy,TOP,2025-11-11 11:24:30
ORD00397,FemboyLover,13800.0,36.75,Sell,TOP,2025-11-11 11:26:23
ORD00398,FemboyLover,11100.0,45.75,Sell,CPALL,2025-11-11 10:57:46
ORD00399,FemboyLover,11100.0,45.25,Buy,CPALL,2025-11-11 10:57:46
ORD00400,FemboyLover,13800.0,36.25,Buy,TOP,2025-11-11 11:26:51
ORD00401,FemboyLover,13800.0,36.75,Sell,TOP,2025-11-11 11:28:15
ORD00402,FemboyLover,13800.0,36.25,Buy,TOP,2025-11-11 11:28:36
ORD00403,FemboyLover,11100.0,45.75,Sell,CPALL,2025-11-11 10:57:46
ORD00404,FemboyLover,11100.0,45.25,Buy,CPALL,2025-11-11 10:57:46
ORD00405,FemboyLover,11100.0,45.75,Sell,CPALL,2025-11-11 10:57:46
ORD00406,FemboyLover,11100.0,45.25,Buy,CPALL,2025-11-11 10:57:46
ORD00407,FemboyLover,11100.0,45.75,Sell,CPALL,2025-11-11 10:57:46
ORD00408,FemboyLover,11100.0,45.25,Buy,CPALL,2025-11-11 10:57:47
ORD00409,FemboyLover,11100.0,45.75,Sell,CPALL,2025-11-11 10:58:01
ORD00410,FemboyLover,11100.0,45.25,Buy,CPALL,2025-11-11 10:58:16
ORD00411,FemboyLover,13800.0,36.75,Sell,TOP,2025-11-11 11:29:19
ORD00412,FemboyLover,13800.0,36.25,Buy,TOP,2025-11-11 11:29:35
ORD00413,FemboyLover,11100.0,45.75,Sell,CPALL,2025-11-11 10:58:16
ORD00414,FemboyLover,11100.0,45.25,Buy,CPALL,2025-11-11 10:58:16
ORD00415,FemboyLover,11100.0,45.75,Sell,CPALL,2025-11-11 10:58:33
ORD00416,FemboyLover,13800.0,36.75,Sell,TOP,2025-11-11 11:32:23
ORD00417,FemboyLover,13800.0,36.25,Buy,TOP,2025-11-11 11:32:52
ORD00418,FemboyLover,11100.0,45.25,Buy,CPALL,2025-11-11 10:58:34
ORD00419,FemboyLover,11100.0,45.75,Sell,CPALL,2025-11-11 10:58:41
ORD00420,FemboyLover,13800.0,36.75,Sell,TOP,2025-11-11 11:36:20
ORD00421,FemboyLover,13800.0,36.25,Buy,TOP,2025-11-11 11:37:57
ORD00422,FemboyLover,13800.0,36.75,Sell,TOP,2025-11-11 11:38:59
ORD00423,FemboyLover,2200.0,219.0,Buy,DELTA,2025-11-11 10:19:18
ORD00424,FemboyLover,11100.0,45.25,Buy,CPALL,2025-11-11 11:01:16
ORD00425,FemboyLover,13800.0,36.25,Buy,TOP,2025-11-11 11:40:14
ORD00426,FemboyLover,11100.0,45.75,Sell,CPALL,2025-11-11 11:01:18
ORD00427,FemboyLover,13800.0,36.75,Sell,TOP,2025-11-11 11:40:15
ORD00428,FemboyLover,11100.0,45.25,Buy,CPALL,2025-11-11 11:01:19
ORD00429,FemboyLover,13800.0,36.25,Buy,TOP,2025-11-11 11:40:15
ORD00430,FemboyLover,11100.0,45.75,Sell,CPALL,2025-11-11 11:01:19
ORD00431,FemboyLover,11100.0,45.25,Buy,CPALL,2025-11-11 11:01:20
ORD00432,FemboyLover,11100.0,45.75,Sell,CPALL,2025-11-11 11:01:30
ORD00433,FemboyLover,11100.0,45.25,Buy,CPALL,2025-11-11 11:01:36
ORD00434,FemboyLover,13800.0,36.75,Sell,TOP,2025-11-11 11:44:17
ORD00435,FemboyLover,13800.0,36.25,Buy,TOP,2025-11-11 11:46:16
ORD00436,FemboyLover,11100.0,45.75,Sell,CPALL,2025-11-11 11:04:12
ORD00437,FemboyLover,11100.0,45.25,Buy,CPALL,2025-11-11 11:04:38
ORD00438,FemboyLover,13800.0,36.75,Sell,TOP,2025-11-11 11:48:20
ORD00439,FemboyLover,11100.0,45.75,Sell,CPALL,2025-11-11 11:05:39
ORD00440,FemboyLover,13800.0,36.25,Buy,TOP,2025-11-11 11:49:01
ORD00441,FemboyLover,13800.0,36.75,Sell,TOP,2025-11-11 11:49:01
ORD00442,FemboyLover,13800.0,36.25,Buy,TOP,2025-11-11 11:50:03
ORD00443,FemboyLover,11100.0,45.25,Buy,CPALL,2025-11-11 11:07:34
ORD00444,FemboyLover,11100.0,45.75,Sell,CPALL,2025-11-11 11:07:59
ORD00445,FemboyLover,13800.0,36.75,Sell,TOP,2025-11-11 11:50:05
ORD00446,FemboyLover,13800.0,36.25,Buy,TOP,2025-11-11 11:50:15
ORD00447,FemboyLover,11100.0,45.25,Buy,CPALL,2025-11-11 11:09:01
ORD00448,FemboyLover,11100.0,45.75,Sell,CPALL,2025-11-11 11:09:50
ORD00449,FemboyLover,11100.0,45.25,Buy,CPALL,2025-11-11 11:10:30
ORD00450,FemboyLover,11100.0,45.75,Sell,CPALL,2025-11-11 11:11:02
ORD00451,FemboyLover,13800.0,36.75,Sell,TOP,2025-11-11 11:51:12
ORD00452,FemboyLover,11100.0,45.25,Buy,CPALL,2025-11-11 11:11:45
ORD00453,FemboyLover,13800.0,36.25,Buy,TOP,2025-11-11 11:51:18
ORD00454,FemboyLover,11100.0,45.75,Sell,CPALL,2025-11-11 11:12:02
ORD00455,FemboyLover,11100.0,45.25,Buy,CPALL,2025-11-11 11:12:56
ORD00456,FemboyLover,11100.0,45.75,Sell,CPALL,2025-11-11 11:13:01
ORD00457,FemboyLover,11100.0,45.25,Buy,CPALL,2025-11-11 11:13:11
ORD00458,FemboyLover,11100.0,45.75,Sell,CPALL,2025-11-11 11:13:41
ORD00459,FemboyLover,11100.0,45.25,Buy,CPALL,2025-11-11 11:13:43
ORD00460,FemboyLover,13800.0,36.75,Sell,TOP,2025-11-11 11:53:18
ORD00461,FemboyLover,11100.0,45.75,Sell,CPALL,2025-11-11 11:14:03
ORD00462,FemboyLover,11100.0,45.25,Buy,CPALL,2025-11-11 11:14:15
ORD00463,FemboyLover,13800.0,36.25,Buy,TOP,2025-11-11 11:53:22
ORD00464,FemboyLover,11100.0,45.75,Sell,CPALL,2025-11-11 11:14:27
ORD00465,FemboyLover,13800.0,36.75,Sell,TOP,2025-11-11 11:54:41
ORD00466,FemboyLover,11100.0,45.25,Buy,CPALL,2025-11-11 11:14:37
ORD00467,FemboyLover,11100.0,45.75,Sell,CPALL,2025-11-11 11:15:10
ORD00468,FemboyLover,13800.0,36.25,Buy,TOP,2025-11-11 11:55:16
ORD00469,FemboyLover,13800.0,36.75,Sell,TOP,2025-11-11 11:56:20
ORD00470,FemboyLover,13800.0,36.25,Buy,TOP,2025-11-11 11:56:37
ORD00471,FemboyLover,11100.0,45.25,Buy,CPALL,2025-11-11 11:16:27
ORD00472,FemboyLover,11100.0,45.75,Sell,CPALL,2025-11-11 11:16:27
ORD00473,FemboyLover,11600.0,43.25,Buy,GULF,2025-11-11 10:33:13
ORD00474,FemboyLover,13800.0,36.75,Sell,TOP,2025-11-11 11:56:40
ORD00475,FemboyLover,13800.0,36.25,Buy,TOP,2025-11-11 11:56:40
ORD00476,FemboyLover,100000.0,5.05,Buy,CCET,2025-11-11 13:57:31
ORD00477,FemboyLover,11600.0,43.75,Sell,GULF,2025-11-11 10:33:13
ORD00478,FemboyLover,13800.0,36.75,Sell,TOP,2025-11-11 11:57:32
ORD00479,FemboyLover,11600.0,43.25,Buy,GULF,2025-11-11 10:33:13
ORD00480,FemboyLover,13800.0,36.25,Buy,TOP,2025-11-11 11:59:06
ORD00481,FemboyLover,100000.0,5.95,Sell,CCET,2025-11-11 13:57:31
ORD00482,FemboyLover,100000.0,5.05,Buy,CCET,2025-11-11 13:57:31
ORD00483,FemboyLover,100000.0,5.95,Sell,CCET,2025-11-11 13:57:31
ORD00484,FemboyLover,11600.0,43.75,Sell,GULF,2025-11-11 10:33:13
ORD00485,FemboyLover,11600.0,43.25,Buy,GULF,2025-11-11 10:33:13
ORD00486,FemboyLover,11600.0,43.75,Sell,GULF,2025-11-11 10:33:13
ORD00487,FemboyLover,11600.0,43.25,Buy,GULF,2025-11-11 10:33:13
ORD00488,FemboyLover,11600.0,43.75,Sell,GULF,2025-11-11 10:33:13
ORD00489,FemboyLover,11600.0,43.25,Buy,GULF,2025-11-11 10:33:13
ORD00490,FemboyLover,11600.0,43.75,Sell,GULF,2025-11-11 10:33:13
ORD00491,FemboyLover,13800.0,36.75,Sell,TOP,2025-11-11 12:02:10
ORD00492,FemboyLover,13800.0,36.25,Buy,TOP,2025-11-11 12:03:18
ORD00493,FemboyLover,13800.0,36.75,Sell,TOP,2025-11-11 12:05:59
ORD00494,FemboyLover,13800.0,36.25,Buy,TOP,2025-11-11 12:06:00
ORD00495,FemboyLover,13800.0,36.75,Sell,TOP,2025-11-11 12:07:01
ORD00496,FemboyLover,13800.0,36.25,Buy,TOP,2025-11-11 12:07:02
ORD00497,FemboyLover,11600.0,43.25,Buy,GULF,2025-11-11 10:33:14
ORD00498,FemboyLover,13800.0,36.75,Sell,TOP,2025-11-11 12:08:25
ORD00499,FemboyLover,13800.0,36.25,Buy,TOP,2025-11-11 12:08:25
ORD00500,FemboyLover,13800.0,36.75,Sell,TOP,2025-11-11 12:09:11
ORD00501,FemboyLover,13800.0,36.25,Buy,TOP,2025-11-11 12:09:11
ORD00502,FemboyLover,13800.0,36.75,Sell,TOP,2025-11-11 12:09:11
ORD00503,FemboyLover,11600.0,43.75,Sell,GULF,2025-11-11 10:33:15
ORD00504,FemboyLover,11600.0,43.25,Buy,GULF,2025-11-11 10:33:19
ORD00505,FemboyLover,13800.0,36.25,Buy,TOP,2025-11-11 12:09:17
ORD00506,FemboyLover,11600.0,43.75,Sell,GULF,2025-11-11 10:33:29
ORD00507,FemboyLover,11600.0,43.25,Buy,GULF,2025-11-11 10:33:30
ORD00508,FemboyLover,13800.0,36.75,Sell,TOP,2025-11-11 12:09:53
ORD00509,FemboyLover,13800.0,36.25,Buy,TOP,2025-11-11 12:09:56
ORD00510,FemboyLover,11600.0,43.75,Sell,GULF,2025-11-11 10:33:41
ORD00511,FemboyLover,11600.0,43.25,Buy,GULF,2025-11-11 10:33:44
ORD00512,FemboyLover,11600.0,43.75,Sell,GULF,2025-11-11 10:33:54
ORD00513,FemboyLover,11600.0,43.25,Buy,GULF,2025-11-11 10:33:57
ORD00514,FemboyLover,13800.0,36.75,Sell,TOP,2025-11-11 12:10:54
ORD00515,FemboyLover,13800.0,36.25,Buy,TOP,2025-11-11 12:11:00
ORD00516,FemboyLover,11600.0,43.75,Sell,GULF,2025-11-11 10:34:02
ORD00517,FemboyLover,11600.0,43.25,Buy,GULF,2025-11-11 10:34:02
ORD00518,FemboyLover,13800.0,36.75,Sell,TOP,2025-11-11 12:11:30
ORD00519,FemboyLover,11600.0,43.75,Sell,GULF,2025-11-11 10:34:02
ORD00520,FemboyLover,13800.0,36.25,Buy,TOP,2025-11-11 12:11:38
ORD00521,FemboyLover,13800.0,36.75,Sell,TOP,2025-11-11 12:13:24
ORD00522,FemboyLover,11600.0,43.25,Buy,GULF,2025-11-11 10:34:03
ORD00523,FemboyLover,13800.0,36.25,Buy,TOP,2025-11-11 12:13:42
ORD00524,FemboyLover,13800.0,36.75,Sell,TOP,2025-11-11 12:13:42
ORD00525,FemboyLover,12500.0,40.25,Buy,CBG,2025-11-11 12:26:29
ORD00526,FemboyLover,13800.0,36.25,Buy,TOP,2025-11-11 12:14:10
ORD00527,FemboyLover,13800.0,36.75,Sell,TOP,2025-11-11 12:14:10
ORD00528,FemboyLover,13800.0,36.25,Buy,TOP,2025-11-11 12:14:10
ORD00529,FemboyLover,11600.0,43.75,Sell,GULF,2025-11-11 10:34:20
ORD00530,FemboyLover,11600.0,43.25,Buy,GULF,2025-11-11 10:34:22
ORD00531,FemboyLover,11600.0,43.75,Sell,GULF,2025-11-11 10:34:40
ORD00532,FemboyLover,11600.0,43.25,Buy,GULF,2025-11-11 10:34:43
ORD00533,FemboyLover,11600.0,43.75,Sell,GULF,2025-11-11 10:34:47
ORD00534,FemboyLover,11600.0,43.25,Buy,GULF,2025-11-11 10:34:48
ORD00535,FemboyLover,11600.0,43.75,Sell,GULF,2025-11-11 10:35:07
ORD00536,FemboyLover,11600.0,43.25,Buy,GULF,2025-11-11 10:35:07
ORD00537,FemboyLover,11600.0,43.75,Sell,GULF,2025-11-11 10:35:07
ORD00538,FemboyLover,11600.0,43.25,Buy,GULF,2025-11-11 10:35:09
ORD00539,FemboyLover,11600.0,43.75,Sell,GULF,2025-11-11 10:35:12
ORD00540,FemboyLover,11600.0,43.25,Buy,GULF,2025-11-11 10:35:13
ORD00541,FemboyLover,11100.0,45.25,Buy,CPALL,2025-11-11 11:34:36
ORD00542,FemboyLover,11100.0,45.75,Sell,CPALL,2025-11-11 11:34:52
ORD00543,FemboyLover,11600.0,43.75,Sell,GULF,2025-11-11 10:36:01
ORD00544,FemboyLover,11600.0,43.25,Buy,GULF,2025-11-11 10:36:10
ORD00545,FemboyLover,11600.0,43.75,Sell,GULF,2025-11-11 10:36:17
ORD00546,FemboyLover,11600.0,43.25,Buy,GULF,2025-11-11 10:36:17
ORD00547,FemboyLover,13800.0,36.75,Sell,TOP,2025-11-11 12:27:31
ORD00548,FemboyLover,13800.0,36.25,Buy,TOP,2025-11-11 12:28:01
ORD00549,FemboyLover,11600.0,43.75,Sell,GULF,2025-11-11 10:36:50
ORD00550,FemboyLover,11600.0,43.25,Buy,GULF,2025-11-11 10:36:51
ORD00551,FemboyLover,13800.0,36.75,Sell,TOP,2025-11-11 12:28:02
ORD00552,FemboyLover,13800.0,36.25,Buy,TOP,2025-11-11 12:28:20
ORD00553,FemboyLover,13800.0,36.75,Sell,TOP,2025-11-11 12:28:54
ORD00554,FemboyLover,13800.0,36.25,Buy,TOP,2025-11-11 12:29:10
ORD00555,FemboyLover,11600.0,43.75,Sell,GULF,2025-11-11 10:37:07
ORD00556,FemboyLover,11600.0,43.25,Buy,GULF,2025-11-11 10:37:11
ORD00557,FemboyLover,13800.0,36.75,Sell,TOP,2025-11-11 12:29:17
ORD00558,FemboyLover,13800.0,36.25,Buy,TOP,2025-11-11 12:29:29
ORD00559,FemboyLover,11600.0,43.75,Sell,GULF,2025-11-11 10:37:12
ORD00560,FemboyLover,11600.0,43.25,Buy,GULF,2025-11-11 10:37:21
ORD00561,FemboyLover,13800.0,36.75,Sell,TOP,2025-11-11 12:29:57
ORD00562,FemboyLover,13800.0,36.25,Buy,TOP,2025-11-11 12:29:57
ORD00563,FemboyLover,11600.0,43.75,Sell,GULF,2025-11-11 10:37:33
ORD00564,FemboyLover,11600.0,43.25,Buy,GULF,2025-11-11 10:37:34
ORD00565,FemboyLover,13800.0,36.75,Sell,TOP,2025-11-11 13:56:10
ORD00566,FemboyLover,13800.0,36.25,Buy,TOP,2025-11-11 13:56:11
ORD00567,FemboyLover,13800.0,36.75,Sell,TOP,2025-11-11 13:56:25
ORD00568,FemboyLover,11600.0,43.75,Sell,GULF,2025-11-11 10:38:00
ORD00569,FemboyLover,13800.0,36.25,Buy,TOP,2025-11-11 13:56:58
ORD00570,FemboyLover,11600.0,43.25,Buy,GULF,2025-11-11 10:38:01
ORD00571,FemboyLover,11100.0,45.25,Buy,CPALL,2025-11-11 11:42:34
ORD00572,FemboyLover,11100.0,45.75,Sell,CPALL,2025-11-11 11:43:01
ORD00573,FemboyLover,11600.0,43.75,Sell,GULF,2025-11-11 10:38:21
ORD00574,FemboyLover,11600.0,43.25,Buy,GULF,2025-11-11 10:38:21
ORD00575,FemboyLover,13800.0,36.75,Sell,TOP,2025-11-11 13:58:45
ORD00576,FemboyLover,13800.0,36.25,Buy,TOP,2025-11-11 13:58:49
ORD00577,FemboyLover,11100.0,45.25,Buy,CPALL,2025-11-11 11:44:30
ORD00578,FemboyLover,11100.0,45.75,Sell,CPALL,2025-11-11 11:44:30
ORD00579,FemboyLover,13800.0,36.75,Sell,TOP,2025-11-11 14:00:36
ORD00580,FemboyLover,13800.0,36.25,Buy,TOP,2025-11-11 14:00:46
ORD00581,FemboyLover,11600.0,43.75,Sell,GULF,2025-11-11 10:39:19
ORD00582,FemboyLover,11600.0,43.25,Buy,GULF,2025-11-11 10:39:22
ORD00583,FemboyLover,11600.0,43.75,Sell,GULF,2025-11-11 10:39:23
ORD00584,FemboyLover,11600.0,43.25,Buy,GULF,2025-11-11 10:39:28
ORD00585,FemboyLover,13800.0,36.75,Sell,TOP,2025-11-11 14:02:45
ORD00586,FemboyLover,13800.0,36.25,Buy,TOP,2025-11-11 14:02:46
ORD00587,FemboyLover,11600.0,43.75,Sell,GULF,2025-11-11 10:39:39
ORD00588,FemboyLover,11600.0,43.25,Buy,GULF,2025-11-11 10:39:40
ORD00589,FemboyLover,11600.0,43.75,Sell,GULF,2025-11-11 10:39:49
ORD00590,FemboyLover,11600.0,43.25,Buy,GULF,2025-11-11 10:39:49
ORD00591,FemboyLover,11100.0,45.25,Buy,CPALL,2025-11-11 11:48:09
ORD00592,FemboyLover,11100.0,45.75,Sell,CPALL,2025-11-11 11:48:09
ORD00593,FemboyLover,11600.0,43.75,Sell,GULF,2025-11-11 10:40:22
ORD00594,FemboyLover,11600.0,43.25,Buy,GULF,2025-11-11 10:40:24
ORD00595,FemboyLover,11100.0,45.25,Buy,CPALL,2025-11-11 11:50:01
ORD00596,FemboyLover,11600.0,43.75,Sell,GULF,2025-11-11 10:40:32
ORD00597,FemboyLover,11100.0,45.75,Sell,CPALL,2025-11-11 11:51:01
ORD00598,FemboyLover,11600.0,43.25,Buy,GULF,2025-11-11 10:40:34
ORD00599,FemboyLover,11100.0,45.25,Buy,CPALL,2025-11-11 11:51:12
ORD00600,FemboyLover,11100.0,45.75,Sell,CPALL,2025-11-11 11:51:17
ORD00601,FemboyLover,25000.0,20.1,Buy,PTTGC,2025-11-11 11:31:52
ORD00602,FemboyLover,25000.0,20.9,Sell,PTTGC,2025-11-11 11:31:59
ORD00603,FemboyLover,25000.0,20.1,Buy,PTTGC,2025-11-11 11:32:08
ORD00604,FemboyLover,25000.0,20.9,Sell,PTTGC,2025-11-11 11:32:10
ORD00605,FemboyLover,13800.0,36.75,Sell,TOP,2025-11-11 14:06:27
ORD00606,FemboyLover,25000.0,20.1,Buy,PTTGC,2025-11-11 11:32:23
ORD00607,FemboyLover,13800.0,36.25,Buy,TOP,2025-11-11 14:06:33
ORD00608,FemboyLover,25000.0,20.9,Sell,PTTGC,2025-11-11 11:32:56
ORD00609,FemboyLover,11600.0,43.75,Sell,GULF,2025-11-11 10:41:19
ORD00610,FemboyLover,11600.0,43.25,Buy,GULF,2025-11-11 10:41:20
ORD00611,FemboyLover,25000.0,20.1,Buy,PTTGC,2025-11-11 11:33:10
ORD00612,FemboyLover,11100.0,45.25,Buy,CPALL,2025-11-11 11:55:21
ORD00613,FemboyLover,11100.0,45.75,Sell,CPALL,2025-11-11 11:55:21
ORD00614,FemboyLover,11100.0,45.25,Buy,CPALL,2025-11-11 11:55:31
ORD00615,FemboyLover,11100.0,45.75,Sell,CPALL,2025-11-11 11:55:31
ORD00616,FemboyLover,11100.0,45.25,Buy,CPALL,2025-11-11 11:55:38
ORD00617,FemboyLover,11600.0,43.75,Sell,GULF,2025-11-11 10:41:47
ORD00618,FemboyLover,11600.0,43.25,Buy,GULF,2025-11-11 10:41:48
ORD00619,FemboyLover,11100.0,45.75,Sell,CPALL,2025-11-11 11:55:54
ORD00620,FemboyLover,25000.0,20.9,Sell,PTTGC,2025-11-11 11:33:12
ORD00621,FemboyLover,25000.0,20.1,Buy,PTTGC,2025-11-11 11:33:14
ORD00622,FemboyLover,11100.0,45.25,Buy,CPALL,2025-11-11 11:56:24
ORD00623,FemboyLover,11100.0,45.75,Sell,CPALL,2025-11-11 11:56:25
ORD00624,FemboyLover,11100.0,45.25,Buy,CPALL,2025-11-11 11:56:28
ORD00625,FemboyLover,11100.0,45.75,Sell,CPALL,2025-11-11 11:56:35
ORD00626,FemboyLover,11600.0,43.75,Sell,GULF,2025-11-11 10:42:23
ORD00627,FemboyLover,11600.0,43.25,Buy,GULF,2025-11-11 10:42:23
ORD00628,FemboyLover,11600.0,43.75,Sell,GULF,2025-11-11 10:42:23
ORD00629,FemboyLover,11600.0,43.25,Buy,GULF,2025-11-11 10:42:26
ORD00630,FemboyLover,11100.0,45.25,Buy,CPALL,2025-11-11 11:59:21
ORD00631,FemboyLover,11600.0,43.75,Sell,GULF,2025-11-11 10:42:32
ORD00632,FemboyLover,11100.0,45.75,Sell,CPALL,2025-11-11 11:59:36
ORD00633,FemboyLover,11600.0,43.25,Buy,GULF,2025-11-11 10:42:36
ORD00634,FemboyLover,11600.0,43.75,Sell,GULF,2025-11-11 10:42:38
ORD00635,FemboyLover,11600.0,43.25,Buy,GULF,2025-11-11 10:42:43
ORD00636,FemboyLover,11600.0,43.75,Sell,GULF,2025-11-11 10:42:47
ORD00637,FemboyLover,11100.0,45.25,Buy,CPALL,2025-11-11 12:01:39
ORD00638,FemboyLover,11100.0,45.75,Sell,CPALL,2025-11-11 12:01:53
ORD00639,FemboyLover,25000.0,20.9,Sell,PTTGC,2025-11-11 11:33:39
ORD00640,FemboyLover,11600.0,43.25,Buy,GULF,2025-11-11 10:42:52
ORD00641,FemboyLover,25000.0,20.1,Buy,PTTGC,2025-11-11 11:33:49
ORD00642,FemboyLover,11100.0,45.25,Buy,CPALL,2025-11-11 12:03:21
ORD00643,FemboyLover,25000.0,20.9,Sell,PTTGC,2025-11-11 11:33:56
ORD00644,FemboyLover,11100.0,45.75,Sell,CPALL,2025-11-11 12:03:24
ORD00645,FemboyLover,25000.0,20.1,Buy,PTTGC,2025-11-11 11:34:05
ORD00646,FemboyLover,25000.0,20.9,Sell,PTTGC,2025-11-11 11:34:12
ORD00647,FemboyLover,11100.0,45.25,Buy,CPALL,2025-11-11 12:07:16
ORD00648,FemboyLover,11100.0,45.75,Sell,CPALL,2025-11-11 12:07:19
ORD00649,FemboyLover,25000.0,20.1,Buy,PTTGC,2025-11-11 11:34:17
ORD00650,FemboyLover,11600.0,43.75,Sell,GULF,2025-11-11 10:44:38
ORD00651,FemboyLover,11600.0,43.25,Buy,GULF,2025-11-11 10:44:39
ORD00652,FemboyLover,11600.0,43.75,Sell,GULF,2025-11-11 10:44:52
ORD00653,FemboyLover,11600.0,43.25,Buy,GULF,2025-11-11 10:44:56
ORD00654,FemboyLover,25000.0,20.9,Sell,PTTGC,2025-11-11 11:34:26
ORD00655,FemboyLover,25000.0,20.1,Buy,PTTGC,2025-11-11 11:34:27
ORD00656,FemboyLover,11100.0,45.25,Buy,CPALL,2025-11-11 12:09:13
ORD00657,FemboyLover,11100.0,45.75,Sell,CPALL,2025-11-11 12:09:18
ORD00658,FemboyLover,25000.0,20.9,Sell,PTTGC,2025-11-11 11:35:49
ORD00659,FemboyLover,11100.0,45.25,Buy,CPALL,2025-11-11 12:11:11
ORD00660,FemboyLover,25000.0,20.1,Buy,PTTGC,2025-11-11 11:35:50
ORD00661,FemboyLover,11100.0,45.75,Sell,CPALL,2025-11-11 12:11:11
ORD00662,FemboyLover,25000.0,20.9,Sell,PTTGC,2025-11-11 11:36:02
ORD00663,FemboyLover,13800.0,36.75,Sell,TOP,2025-11-11 14:25:55
ORD00664,FemboyLover,13800.0,36.25,Buy,TOP,2025-11-11 14:25:55
ORD00665,FemboyLover,11100.0,45.25,Buy,CPALL,2025-11-11 12:11:11
ORD00666,FemboyLover,11600.0,43.75,Sell,GULF,2025-11-11 10:45:57
ORD00667,FemboyLover,25000.0,20.1,Buy,PTTGC,2025-11-11 11:36:09
ORD00668,FemboyLover,11100.0,45.75,Sell,CPALL,2025-11-11 12:11:11
ORD00669,FemboyLover,11600.0,43.25,Buy,GULF,2025-11-11 10:46:00
ORD00670,FemboyLover,25000.0,20.9,Sell,PTTGC,2025-11-11 11:36:14
ORD00671,FemboyLover,25000.0,20.1,Buy,PTTGC,2025-11-11 11:36:20
ORD00672,FemboyLover,11600.0,43.75,Sell,GULF,2025-11-11 10:46:10
ORD00673,FemboyLover,11600.0,43.25,Buy,GULF,2025-11-11 10:46:14
ORD00674,FemboyLover,11100.0,45.25,Buy,CPALL,2025-11-11 12:12:21
ORD00675,FemboyLover,11100.0,45.75,Sell,CPALL,2025-11-11 12:12:37
ORD00676,FemboyLover,11100.0,45.25,Buy,CPALL,2025-11-11 12:13:03
ORD00677,FemboyLover,11100.0,45.75,Sell,CPALL,2025-11-11 12:13:19
ORD00678,FemboyLover,11600.0,43.75,Sell,GULF,2025-11-11 10:46:26
ORD00679,FemboyLover,11600.0,43.25,Buy,GULF,2025-11-11 10:46:33
ORD00680,FemboyLover,13800.0,36.75,Sell,TOP,2025-11-11 14:30:18
ORD00681,FemboyLover,2200.0,220.0,Sell,DELTA,2025-11-11 10:39:09
ORD00682,FemboyLover,13800.0,36.25,Buy,TOP,2025-11-11 14:30:21
ORD00683,FemboyLover,11600.0,43.75,Sell,GULF,2025-11-11 10:47:11
ORD00684,FemboyLover,11600.0,43.25,Buy,GULF,2025-11-11 10:47:16
ORD00685,FemboyLover,11600.0,43.75,Sell,GULF,2025-11-11 10:47:25
ORD00686,FemboyLover,11600.0,43.25,Buy,GULF,2025-11-11 10:47:28
ORD00687,FemboyLover,13800.0,36.75,Sell,TOP,2025-11-11 14:33:02
ORD00688,FemboyLover,13800.0,36.25,Buy,TOP,2025-11-11 14:33:10
ORD00689,FemboyLover,13800.0,36.75,Sell,TOP,2025-11-11 14:34:01
ORD00690,FemboyLover,13800.0,36.25,Buy,TOP,2025-11-11 14:34:02
ORD00691,FemboyLover,25000.0,20.9,Sell,PTTGC,2025-11-11 11:39:28
ORD00692,FemboyLover,11600.0,43.75,Sell,GULF,2025-11-11 10:47:55
ORD00693,FemboyLover,25000.0,20.1,Buy,PTTGC,2025-11-11 11:39:42
ORD00694,FemboyLover,11600.0,43.25,Buy,GULF,2025-11-11 10:47:56
ORD00695,FemboyLover,25000.0,20.9,Sell,PTTGC,2025-11-11 11:40:06
ORD00696,FemboyLover,25000.0,20.1,Buy,PTTGC,2025-11-11 11:40:19
ORD00697,FemboyLover,25000.0,20.9,Sell,PTTGC,2025-11-11 11:40:29
ORD00698,FemboyLover,13800.0,36.75,Sell,TOP,2025-11-11 14:35:28
ORD00699,FemboyLover,25000.0,20.1,Buy,PTTGC,2025-11-11 11:40:34
ORD00700,FemboyLover,13800.0,36.25,Buy,TOP,2025-11-11 14:35:46
ORD00701,FemboyLover,11600.0,43.75,Sell,GULF,2025-11-11 10:48:15
ORD00702,FemboyLover,11600.0,43.25,Buy,GULF,2025-11-11 10:48:17
ORD00703,FemboyLover,13800.0,36.75,Sell,TOP,2025-11-11 14:37:18
ORD00704,FemboyLover,13800.0,36.25,Buy,TOP,2025-11-11 14:37:27
ORD00705,FemboyLover,25000.0,20.9,Sell,PTTGC,2025-11-11 11:42:40
ORD00706,FemboyLover,25000.0,20.1,Buy,PTTGC,2025-11-11 11:42:41
ORD00707,FemboyLover,11600.0,43.75,Sell,GULF,2025-11-11 10:48:45
ORD00708,FemboyLover,11600.0,43.25,Buy,GULF,2025-11-11 10:48:46
ORD00709,FemboyLover,13800.0,36.75,Sell,TOP,2025-11-11 14:38:11
ORD00710,FemboyLover,13800.0,36.25,Buy,TOP,2025-11-11 14:38:11
ORD00711,FemboyLover,25000.0,20.9,Sell,PTTGC,2025-11-11 11:44:04
ORD00712,FemboyLover,11600.0,43.75,Sell,GULF,2025-11-11 10:49:14
ORD00713,FemboyLover,25000.0,20.1,Buy,PTTGC,2025-11-11 11:44:07
ORD00714,FemboyLover,13800.0,36.75,Sell,TOP,2025-11-11 14:38:28
ORD00715,FemboyLover,11600.0,43.25,Buy,GULF,2025-11-11 10:49:21
ORD00716,FemboyLover,13800.0,36.25,Buy,TOP,2025-11-11 14:38:32
ORD00717,FemboyLover,11600.0,43.75,Sell,GULF,2025-11-11 10:49:44
ORD00718,FemboyLover,11600.0,43.25,Buy,GULF,2025-11-11 10:49:54
ORD00719,FemboyLover,25000.0,20.9,Sell,PTTGC,2025-11-11 11:46:06
ORD00720,FemboyLover,25000.0,20.1,Buy,PTTGC,2025-11-11 11:46:20
ORD00721,FemboyLover,13800.0,36.75,Sell,TOP,2025-11-11 14:39:40
ORD00722,FemboyLover,13800.0,36.25,Buy,TOP,2025-11-11 14:39:43
ORD00723,FemboyLover,11600.0,43.75,Sell,GULF,2025-11-11 10:50:12
ORD00724,FemboyLover,25000.0,20.9,Sell,PTTGC,2025-11-11 11:46:40
ORD00725,FemboyLover,13800.0,36.75,Sell,TOP,2025-11-11 14:39:49
ORD00726,FemboyLover,11600.0,43.25,Buy,GULF,2025-11-11 10:50:14
ORD00727,FemboyLover,25000.0,20.1,Buy,PTTGC,2025-11-11 11:46:54
ORD00728,FemboyLover,11600.0,43.75,Sell,GULF,2025-11-11 10:50:29
ORD00729,FemboyLover,11600.0,43.25,Buy,GULF,2025-11-11 10:50:29
ORD00730,FemboyLover,25000.0,20.9,Sell,PTTGC,2025-11-11 11:47:05
ORD00731,FemboyLover,25000.0,20.1,Buy,PTTGC,2025-11-11 11:47:11
ORD00732,FemboyLover,23800.0,21.1,Buy,MINT,2025-11-11 11:24:42
ORD00733,FemboyLover,23800.0,21.9,Sell,MINT,2025-11-11 11:24:45
ORD00734,FemboyLover,23800.0,21.1,Buy,MINT,2025-11-11 11:24:47
ORD00735,FemboyLover,23800.0,21.9,Sell,MINT,2025-11-11 11:24:50
ORD00736,FemboyLover,25000.0,20.9,Sell,PTTGC,2025-11-11 11:48:04
ORD00737,FemboyLover,25000.0,20.1,Buy,PTTGC,2025-11-11 11:48:15
ORD00738,FemboyLover,25000.0,20.9,Sell,PTTGC,2025-11-11 11:48:35
ORD00739,FemboyLover,25000.0,20.1,Buy,PTTGC,2025-11-11 11:48:53
ORD00740,FemboyLover,25000.0,20.9,Sell,PTTGC,2025-11-11 11:49:07
ORD00741,FemboyLover,11600.0,43.75,Sell,GULF,2025-11-11 10:52:47
ORD00742,FemboyLover,11600.0,43.25,Buy,GULF,2025-11-11 10:52:50
ORD00743,FemboyLover,11600.0,43.75,Sell,GULF,2025-11-11 10:53:22
ORD00744,FemboyLover,11600.0,43.25,Buy,GULF,2025-11-11 10:53:23
ORD00745,FemboyLover,11600.0,43.75,Sell,GULF,2025-11-11 10:55:16
ORD00746,FemboyLover,11600.0,43.25,Buy,GULF,2025-11-11 10:55:21
ORD00747,FemboyLover,11600.0,43.75,Sell,GULF,2025-11-11 10:55:49
ORD00748,FemboyLover,11600.0,43.25,Buy,GULF,2025-11-11 10:55:51
ORD00749,FemboyLover,23800.0,21.1,Buy,MINT,2025-11-11 11:29:37
ORD00750,FemboyLover,23800.0,21.9,Sell,MINT,2025-11-11 11:29:38
ORD00751,FemboyLover,11600.0,43.75,Sell,GULF,2025-11-11 10:58:45
ORD00752,FemboyLover,11600.0,43.25,Buy,GULF,2025-11-11 10:58:47
ORD00753,FemboyLover,11600.0,43.75,Sell,GULF,2025-11-11 10:58:52
ORD00754,FemboyLover,11600.0,43.25,Buy,GULF,2025-11-11 10:58:54
ORD00755,FemboyLover,11600.0,43.75,Sell,GULF,2025-11-11 10:58:56
ORD00756,FemboyLover,11600.0,43.25,Buy,GULF,2025-11-11 10:58:57
ORD00757,FemboyLover,11100.0,45.25,Buy,CPALL,2025-11-11 14:07:08
ORD00758,FemboyLover,11600.0,43.75,Sell,GULF,2025-11-11 10:59:08
ORD00759,FemboyLover,11100.0,45.75,Sell,CPALL,2025-11-11 14:07:19
ORD00760,FemboyLover,11600.0,43.25,Buy,GULF,2025-11-11 10:59:09
ORD00761,FemboyLover,23800.0,21.1,Buy,MINT,2025-11-11 11:31:42
ORD00762,FemboyLover,23800.0,21.9,Sell,MINT,2025-11-11 11:31:54
ORD00763,FemboyLover,11600.0,43.75,Sell,GULF,2025-11-11 10:59:54
ORD00764,FemboyLover,11600.0,43.25,Buy,GULF,2025-11-11 11:00:05
ORD00765,FemboyLover,23800.0,21.1,Buy,MINT,2025-11-11 11:32:34
ORD00766,FemboyLover,23800.0,21.9,Sell,MINT,2025-11-11 11:32:35
ORD00767,FemboyLover,11600.0,43.75,Sell,GULF,2025-11-11 11:00:26
ORD00768,FemboyLover,13800.0,36.25,Buy,TOP,2025-11-11 15:10:08
ORD00769,FemboyLover,11600.0,43.25,Buy,GULF,2025-11-11 11:00:30
ORD00770,FemboyLover,13800.0,36.75,Sell,TOP,2025-11-11 15:10:13
ORD00771,FemboyLover,11600.0,43.75,Sell,GULF,2025-11-11 11:01:45
ORD00772,FemboyLover,11600.0,43.25,Buy,GULF,2025-11-11 11:01:47
ORD00773,FemboyLover,11600.0,43.75,Sell,GULF,2025-11-11 11:02:20
ORD00774,FemboyLover,11600.0,43.25,Buy,GULF,2025-11-11 11:02:24
ORD00775,FemboyLover,11600.0,43.75,Sell,GULF,2025-11-11 11:03:20
ORD00776,FemboyLover,25000.0,20.1,Buy,PTTGC,2025-11-11 12:19:10
ORD00777,FemboyLover,11600.0,43.25,Buy,GULF,2025-11-11 11:03:29
ORD00778,FemboyLover,25000.0,20.9,Sell,PTTGC,2025-11-11 12:20:09
ORD00779,FemboyLover,12500.0,40.75,Sell,CBG,2025-11-11 16:25:08
ORD00780,FemboyLover,25000.0,20.1,Buy,PTTGC,2025-11-11 12:29:45
ORD00781,FemboyLover,25000.0,20.9,Sell,PTTGC,2025-11-11 12:29:55
ORD00782,FemboyLover,25000.0,20.1,Buy,PTTGC,2025-11-11 13:56:07
ORD00783,FemboyLover,11600.0,43.75,Sell,GULF,2025-11-11 11:05:00
ORD00784,FemboyLover,11600.0,43.25,Buy,GULF,2025-11-11 11:05:02
ORD00785,FemboyLover,11600.0,43.75,Sell,GULF,2025-11-11 11:05:28
ORD00786,FemboyLover,11600.0,43.25,Buy,GULF,2025-11-11 11:05:29
ORD00787,FemboyLover,11100.0,45.25,Buy,CPALL,2025-11-11 14:36:44
ORD00788,FemboyLover,11100.0,45.75,Sell,CPALL,2025-11-11 14:37:24
ORD00789,FemboyLover,11100.0,45.25,Buy,CPALL,2025-11-11 14:38:00
ORD00790,FemboyLover,11100.0,45.75,Sell,CPALL,2025-11-11 14:38:35
ORD00791,FemboyLover,11600.0,43.75,Sell,GULF,2025-11-11 11:06:07
ORD00792,FemboyLover,11600.0,43.25,Buy,GULF,2025-11-11 11:06:15
ORD00793,FemboyLover,11600.0,43.75,Sell,GULF,2025-11-11 11:06:16
ORD00794,FemboyLover,23800.0,21.1,Buy,MINT,2025-11-11 11:50:10
ORD00795,FemboyLover,11600.0,43.25,Buy,GULF,2025-11-11 11:06:16
ORD00796,FemboyLover,11600.0,43.75,Sell,GULF,2025-11-11 11:07:01
ORD00797,FemboyLover,11600.0,43.25,Buy,GULF,2025-11-11 11:07:06
ORD00798,FemboyLover,11100.0,45.25,Buy,CPALL,2025-11-11 14:42:46
ORD00799,FemboyLover,11100.0,45.75,Sell,CPALL,2025-11-11 14:42:47
ORD00800,FemboyLover,11600.0,43.75,Sell,GULF,2025-11-11 11:07:11
ORD00801,FemboyLover,11100.0,45.25,Buy,CPALL,2025-11-11 14:43:40
ORD00802,FemboyLover,11600.0,43.25,Buy,GULF,2025-11-11 11:07:20
ORD00803,FemboyLover,23800.0,21.9,Sell,MINT,2025-11-11 11:50:23
ORD00804,FemboyLover,11100.0,45.75,Sell,CPALL,2025-11-11 14:43:42
ORD00805,FemboyLover,23800.0,21.1,Buy,MINT,2025-11-11 11:50:25
ORD00806,FemboyLover,11100.0,45.25,Buy,CPALL,2025-11-11 14:44:11
ORD00807,FemboyLover,11100.0,45.75,Sell,CPALL,2025-11-11 14:44:12
ORD00808,FemboyLover,11100.0,45.25,Buy,CPALL,2025-11-11 14:46:32
ORD00809,FemboyLover,11100.0,45.75,Sell,CPALL,2025-11-11 14:47:04
ORD00810,FemboyLover,11600.0,43.75,Sell,GULF,2025-11-11 11:07:52
ORD00811,FemboyLover,11100.0,45.25,Buy,CPALL,2025-11-11 14:48:16
ORD00812,FemboyLover,11600.0,43.25,Buy,GULF,2025-11-11 11:08:05
ORD00813,FemboyLover,11100.0,45.75,Sell,CPALL,2025-11-11 14:50:28
ORD00814,FemboyLover,11600.0,43.75,Sell,GULF,2025-11-11 11:08:06
ORD00815,FemboyLover,11100.0,45.25,Buy,CPALL,2025-11-11 14:50:41
ORD00816,FemboyLover,11600.0,43.25,Buy,GULF,2025-11-11 11:08:08
ORD00817,FemboyLover,11100.0,45.75,Sell,CPALL,2025-11-11 14:52:56
ORD00818,FemboyLover,11600.0,43.75,Sell,GULF,2025-11-11 11:08:31
ORD00819,FemboyLover,11100.0,45.25,Buy,CPALL,2025-11-11 14:53:28
ORD00820,FemboyLover,11600.0,43.25,Buy,GULF,2025-11-11 11:08:32
ORD00821,FemboyLover,11100.0,45.75,Sell,CPALL,2025-11-11 14:54:59
ORD00822,FemboyLover,11100.0,45.25,Buy,CPALL,2025-11-11 14:55:00
ORD00823,FemboyLover,11100.0,45.75,Sell,CPALL,2025-11-11 14:55:05
ORD00824,FemboyLover,11100.0,45.25,Buy,CPALL,2025-11-11 14:55:29
ORD00825,FemboyLover,11100.0,45.75,Sell,CPALL,2025-11-11 14:55:30
ORD00826,FemboyLover,11100.0,45.25,Buy,CPALL,2025-11-11 14:56:01
ORD00827,FemboyLover,11100.0,45.75,Sell,CPALL,2025-11-11 14:57:59
ORD00828,FemboyLover,11100.0,45.25,Buy,CPALL,2025-11-11 14:58:31
ORD00829,FemboyLover,11100.0,45.75,Sell,CPALL,2025-11-11 14:59:06
ORD00830,FemboyLover,11100.0,45.25,Buy,CPALL,2025-11-11 14:59:53
ORD00831,FemboyLover,11100.0,45.75,Sell,CPALL,2025-11-11 15:00:11
ORD00832,FemboyLover,11100.0,45.25,Buy,CPALL,2025-11-11 15:00:12
ORD00833,FemboyLover,11100.0,45.75,Sell,CPALL,2025-11-11 15:00:38
ORD00834,FemboyLover,11100.0,45.25,Buy,CPALL,2025-11-11 15:00:42
ORD00835,FemboyLover,11100.0,45.75,Sell,CPALL,2025-11-11 15:01:15
ORD00836,FemboyLover,11100.0,45.25,Buy,CPALL,2025-11-11 15:01:22
ORD00837,FemboyLover,11100.0,45.75,Sell,CPALL,2025-11-11 15:02:26
ORD00838,FemboyLover,11100.0,45.25,Buy,CPALL,2025-11-11 15:02:29
ORD00839,FemboyLover,11100.0,45.75,Sell,CPALL,2025-11-11 15:02:40
ORD00840,FemboyLover,11100.0,45.25,Buy,CPALL,2025-11-11 15:02:45
ORD00841,FemboyLover,11100.0,45.75,Sell,CPALL,2025-11-11 15:03:08
ORD00842,FemboyLover,11100.0,45.25,Buy,CPALL,2025-11-11 15:03:21
ORD00843,FemboyLover,11100.0,45.75,Sell,CPALL,2025-11-11 15:03:28
ORD00844,FemboyLover,11100.0,45.25,Buy,CPALL,2025-11-11 15:03:38
ORD00845,FemboyLover,11100.0,45.75,Sell,CPALL,2025-11-11 15:03:40
ORD00846,FemboyLover,11100.0,45.25,Buy,CPALL,2025-11-11 15:03:51
ORD00847,FemboyLover,11600.0,43.75,Sell,GULF,2025-11-11 11:09:20
ORD00848,FemboyLover,11600.0,43.25,Buy,GULF,2025-11-11 11:09:20
ORD00849,FemboyLover,11600.0,43.75,Sell,GULF,2025-11-11 11:09:29
ORD00850,FemboyLover,11600.0,43.25,Buy,GULF,2025-11-11 11:09:29
ORD00851,FemboyLover,11100.0,45.75,Sell,CPALL,2025-11-11 15:04:48
ORD00852,FemboyLover,11600.0,43.75,Sell,GULF,2025-11-11 11:09:35
ORD00853,FemboyLover,11100.0,45.25,Buy,CPALL,2025-11-11 15:05:01
ORD00854,FemboyLover,11600.0,43.25,Buy,GULF,2025-11-11 11:09:36
ORD00855,FemboyLover,11100.0,45.75,Sell,CPALL,2025-11-11 15:05:48
ORD00856,FemboyLover,11100.0,45.25,Buy,CPALL,2025-11-11 15:05:50
ORD00857,FemboyLover,11600.0,43.75,Sell,GULF,2025-11-11 11:09:43
ORD00858,FemboyLover,11600.0,43.25,Buy,GULF,2025-11-11 11:09:45
ORD00859,FemboyLover,11100.0,45.75,Sell,CPALL,2025-11-11 15:06:27
ORD00860,FemboyLover,11100.0,45.25,Buy,CPALL,2025-11-11 15:06:40
ORD00861,FemboyLover,11100.0,45.75,Sell,CPALL,2025-11-11 15:07:08
ORD00862,FemboyLover,11100.0,45.25,Buy,CPALL,2025-11-11 15:07:15
ORD00863,FemboyLover,11100.0,45.75,Sell,CPALL,2025-11-11 15:07:36
ORD00864,FemboyLover,11100.0,45.25,Buy,CPALL,2025-11-11 15:07:49
ORD00865,FemboyLover,11100.0,45.75,Sell,CPALL,2025-11-11 15:09:14
ORD00866,FemboyLover,11100.0,45.25,Buy,CPALL,2025-11-11 15:09:17
ORD00867,FemboyLover,11600.0,43.75,Sell,GULF,2025-11-11 11:10:34
ORD00868,FemboyLover,11600.0,43.25,Buy,GULF,2025-11-11 11:10:34
ORD00869,FemboyLover,11100.0,45.75,Sell,CPALL,2025-11-11 15:09:47
ORD00870,FemboyLover,11100.0,45.25,Buy,CPALL,2025-11-11 15:09:51
ORD00871,FemboyLover,11100.0,45.75,Sell,CPALL,2025-11-11 15:10:18
ORD00872,FemboyLover,11100.0,45.25,Buy,CPALL,2025-11-11 15:10:23
ORD00873,FemboyLover,11100.0,45.75,Sell,CPALL,2025-11-11 15:11:31
ORD00874,FemboyLover,11600.0,43.75,Sell,GULF,2025-11-11 11:11:10
ORD00875,FemboyLover,11100.0,45.25,Buy,CPALL,2025-11-11 15:11:40
ORD00876,FemboyLover,11600.0,43.25,Buy,GULF,2025-11-11 11:11:14
ORD00877,FemboyLover,11100.0,45.75,Sell,CPALL,2025-11-11 15:11:41
ORD00878,FemboyLover,11100.0,45.25,Buy,CPALL,2025-11-11 15:11:51
ORD00879,FemboyLover,23800.0,21.9,Sell,MINT,2025-11-11 12:02:11
ORD00880,FemboyLover,23800.0,21.1,Buy,MINT,2025-11-11 12:03:47
ORD00881,FemboyLover,11100.0,45.75,Sell,CPALL,2025-11-11 15:14:34
ORD00882,FemboyLover,11100.0,45.25,Buy,CPALL,2025-11-11 15:14:36
ORD00883,FemboyLover,11600.0,43.75,Sell,GULF,2025-11-11 11:11:58
ORD00884,FemboyLover,11600.0,43.25,Buy,GULF,2025-11-11 11:11:58
ORD00885,FemboyLover,11100.0,45.75,Sell,CPALL,2025-11-11 15:15:28
ORD00886,FemboyLover,11100.0,45.25,Buy,CPALL,2025-11-11 15:15:29
ORD00887,FemboyLover,11100.0,45.75,Sell,CPALL,2025-11-11 15:16:03
ORD00888,FemboyLover,11100.0,45.25,Buy,CPALL,2025-11-11 15:16:15
ORD00889,FemboyLover,11100.0,45.75,Sell,CPALL,2025-11-11 15:17:30
ORD00890,FemboyLover,11100.0,45.25,Buy,CPALL,2025-11-11 15:17:38
ORD00891,FemboyLover,11600.0,43.75,Sell,GULF,2025-11-11 11:12:52
ORD00892,FemboyLover,11100.0,45.75,Sell,CPALL,2025-11-11 15:18:06
ORD00893,FemboyLover,11600.0,43.25,Buy,GULF,2025-11-11 11:12:52
ORD00894,FemboyLover,11100.0,45.25,Buy,CPALL,2025-11-11 15:18:11
ORD00895,FemboyLover,11100.0,45.75,Sell,CPALL,2025-11-11 15:18:21
ORD00896,FemboyLover,11100.0,45.25,Buy,CPALL,2025-11-11 15:18:27
ORD00897,FemboyLover,11100.0,45.75,Sell,CPALL,2025-11-11 15:19:38
ORD00898,FemboyLover,11100.0,45.25,Buy,CPALL,2025-11-11 15:19:39
ORD00899,FemboyLover,11600.0,43.75,Sell,GULF,2025-11-11 11:13:02
ORD00900,FemboyLover,11600.0,43.25,Buy,GULF,2025-11-11 11:13:03
ORD00901,FemboyLover,11100.0,45.75,Sell,CPALL,2025-11-11 15:19:40
ORD00902,FemboyLover,11100.0,45.25,Buy,CPALL,2025-11-11 15:19:41
ORD00903,FemboyLover,11100.0,45.75,Sell,CPALL,2025-11-11 15:19:53
ORD00904,FemboyLover,11100.0,45.25,Buy,CPALL,2025-11-11 15:19:56
ORD00905,FemboyLover,11100.0,45.75,Sell,CPALL,2025-11-11 15:20:46
ORD00906,FemboyLover,11100.0,45.25,Buy,CPALL,2025-11-11 15:21:33
ORD00907,FemboyLover,11100.0,45.75,Sell,CPALL,2025-11-11 15:21:33
ORD00908,FemboyLover,11100.0,45.25,Buy,CPALL,2025-11-11 15:21:57
ORD00909,FemboyLover,11100.0,45.75,Sell,CPALL,2025-11-11 15:22:13
ORD00910,FemboyLover,11100.0,45.25,Buy,CPALL,2025-11-11 15:22:16
ORD00911,FemboyLover,11100.0,45.75,Sell,CPALL,2025-11-11 15:22:18
ORD00912,FemboyLover,11100.0,45.25,Buy,CPALL,2025-11-11 15:22:57
ORD00913,FemboyLover,11100.0,45.75,Sell,CPALL,2025-11-11 15:23:15
ORD00914,FemboyLover,23800.0,21.9,Sell,MINT,2025-11-11 12:08:22
ORD00915,FemboyLover,11100.0,45.25,Buy,CPALL,2025-11-11 15:23:36
ORD00916,FemboyLover,13800.0,36.25,Buy,TOP,2025-11-11 16:11:06
ORD00917,FemboyLover,13800.0,36.75,Sell,TOP,2025-11-11 16:11:15
ORD00918,FemboyLover,11100.0,45.75,Sell,CPALL,2025-11-11 15:24:38
ORD00919,FemboyLover,23800.0,21.1,Buy,MINT,2025-11-11 12:15:58
ORD00920,FemboyLover,11100.0,45.25,Buy,CPALL,2025-11-11 15:26:16
ORD00921,FemboyLover,11100.0,45.75,Sell,CPALL,2025-11-11 15:27:35
ORD00922,FemboyLover,11100.0,45.25,Buy,CPALL,2025-11-11 15:27:36
ORD00923,FemboyLover,11100.0,45.75,Sell,CPALL,2025-11-11 15:27:44
ORD00924,FemboyLover,23800.0,21.9,Sell,MINT,2025-11-11 12:19:56
ORD00925,FemboyLover,11100.0,45.25,Buy,CPALL,2025-11-11 15:28:58
ORD00926,FemboyLover,11100.0,45.75,Sell,CPALL,2025-11-11 15:29:08
ORD00927,FemboyLover,23800.0,21.1,Buy,MINT,2025-11-11 12:23:02
ORD00928,FemboyLover,11100.0,45.25,Buy,CPALL,2025-11-11 15:29:53
ORD00929,FemboyLover,11100.0,45.75,Sell,CPALL,2025-11-11 15:30:41
ORD00930,FemboyLover,11100.0,45.25,Buy,CPALL,2025-11-11 15:30:55
ORD00931,FemboyLover,13800.0,36.25,Buy,TOP,2025-11-11 16:15:05
ORD00932,FemboyLover,13800.0,36.75,Sell,TOP,2025-11-11 16:15:15
ORD00933,FemboyLover,11600.0,43.75,Sell,GULF,2025-11-11 11:14:22
ORD00934,FemboyLover,11600.0,43.25,Buy,GULF,2025-11-11 11:14:24
ORD00935,FemboyLover,11100.0,45.75,Sell,CPALL,2025-11-11 15:32:19
ORD00936,FemboyLover,11100.0,45.25,Buy,CPALL,2025-11-11 15:32:38
ORD00937,FemboyLover,11100.0,45.75,Sell,CPALL,2025-11-11 15:32:38
ORD00938,FemboyLover,11600.0,43.75,Sell,GULF,2025-11-11 11:14:27
ORD00939,FemboyLover,11100.0,45.25,Buy,CPALL,2025-11-11 15:32:38
ORD00940,FemboyLover,11100.0,45.75,Sell,CPALL,2025-11-11 15:32:42
ORD00941,FemboyLover,11600.0,43.25,Buy,GULF,2025-11-11 11:14:30
ORD00942,FemboyLover,11100.0,45.25,Buy,CPALL,2025-11-11 15:32:56
ORD00943,FemboyLover,11600.0,43.75,Sell,GULF,2025-11-11 11:14:36
ORD00944,FemboyLover,11600.0,43.25,Buy,GULF,2025-11-11 11:14:38
ORD00945,FemboyLover,11600.0,43.75,Sell,GULF,2025-11-11 11:14:42
ORD00946,FemboyLover,11600.0,43.25,Buy,GULF,2025-11-11 11:14:46
ORD00947,FemboyLover,11100.0,45.75,Sell,CPALL,2025-11-11 15:33:35
ORD00948,FemboyLover,11100.0,45.25,Buy,CPALL,2025-11-11 15:33:49
ORD00949,FemboyLover,11600.0,43.75,Sell,GULF,2025-11-11 11:14:55
ORD00950,FemboyLover,11600.0,43.25,Buy,GULF,2025-11-11 11:14:56
ORD00951,FemboyLover,11100.0,45.75,Sell,CPALL,2025-11-11 15:34:33
ORD00952,FemboyLover,11100.0,45.25,Buy,CPALL,2025-11-11 15:34:35
ORD00953,FemboyLover,11100.0,45.75,Sell,CPALL,2025-11-11 15:34:52
ORD00954,FemboyLover,11100.0,45.25,Buy,CPALL,2025-11-11 15:34:55
ORD00955,FemboyLover,11100.0,45.75,Sell,CPALL,2025-11-11 15:35:20
ORD00956,FemboyLover,11100.0,45.25,Buy,CPALL,2025-11-11 15:35:31
ORD00957,FemboyLover,11600.0,43.75,Sell,GULF,2025-11-11 11:15:12
ORD00958,FemboyLover,11600.0,43.25,Buy,GULF,2025-11-11 11:15:14
ORD00959,FemboyLover,11100.0,45.75,Sell,CPALL,2025-11-11 15:36:34
ORD00960,FemboyLover,11100.0,45.25,Buy,CPALL,2025-11-11 15:36:35
ORD00961,FemboyLover,11600.0,43.75,Sell,GULF,2025-11-11 11:15:37
ORD00962,FemboyLover,11600.0,43.25,Buy,GULF,2025-11-11 11:15:46
ORD00963,FemboyLover,11100.0,45.75,Sell,CPALL,2025-11-11 15:37:15
ORD00964,FemboyLover,11100.0,45.25,Buy,CPALL,2025-11-11 15:37:33
ORD00965,FemboyLover,11100.0,45.75,Sell,CPALL,2025-11-11 15:37:55
ORD00966,FemboyLover,11100.0,45.25,Buy,CPALL,2025-11-11 15:38:03
ORD00967,FemboyLover,11100.0,45.75,Sell,CPALL,2025-11-11 15:38:04
ORD00968,FemboyLover,11100.0,45.25,Buy,CPALL,2025-11-11 15:38:11
ORD00969,FemboyLover,11600.0,43.75,Sell,GULF,2025-11-11 11:16:23
ORD00970,FemboyLover,11600.0,43.25,Buy,GULF,2025-11-11 11:16:24
ORD00971,FemboyLover,11100.0,45.75,Sell,CPALL,2025-11-11 15:39:42
ORD00972,FemboyLover,11100.0,45.25,Buy,CPALL,2025-11-11 15:39:45
ORD00973,FemboyLover,11100.0,45.75,Sell,CPALL,2025-11-11 15:40:05
ORD00974,FemboyLover,11100.0,45.25,Buy,CPALL,2025-11-11 15:40:09
ORD00975,FemboyLover,11100.0,45.75,Sell,CPALL,2025-11-11 15:40:19
ORD00976,FemboyLover,11100.0,45.25,Buy,CPALL,2025-11-11 15:40:24
ORD00977,FemboyLover,11100.0,45.75,Sell,CPALL,2025-11-11 15:41:10
ORD00978,FemboyLover,11100.0,45.25,Buy,CPALL,2025-11-11 15:41:18
ORD00979,FemboyLover,11100.0,45.75,Sell,CPALL,2025-11-11 15:41:22
ORD00980,FemboyLover,11600.0,43.75,Sell,GULF,2025-11-11 11:17:06
ORD00981,FemboyLover,11600.0,43.25,Buy,GULF,2025-11-11 11:17:07
ORD00982,FemboyLover,11100.0,45.25,Buy,CPALL,2025-11-11 15:41:37
ORD00983,FemboyLover,11600.0,43.75,Sell,GULF,2025-11-11 11:17:11
ORD00984,FemboyLover,11600.0,43.25,Buy,GULF,2025-11-11 11:17:12
ORD00985,FemboyLover,11100.0,45.75,Sell,CPALL,2025-11-11 15:42:28
ORD00986,FemboyLover,11100.0,45.25,Buy,CPALL,2025-11-11 15:42:35
ORD00987,FemboyLover,11600.0,43.75,Sell,GULF,2025-11-11 11:17:53
ORD00988,FemboyLover,11600.0,43.25,Buy,GULF,2025-11-11 11:18:04
ORD00989,FemboyLover,11600.0,43.75,Sell,GULF,2025-11-11 11:18:06
ORD00990,FemboyLover,11100.0,45.75,Sell,CPALL,2025-11-11 15:43:33
ORD00991,FemboyLover,11600.0,43.25,Buy,GULF,2025-11-11 11:18:07
ORD00992,FemboyLover,11100.0,45.25,Buy,CPALL,2025-11-11 15:43:38
ORD00993,FemboyLover,11100.0,45.75,Sell,CPALL,2025-11-11 15:44:01
ORD00994,FemboyLover,11100.0,45.25,Buy,CPALL,2025-11-11 15:44:07
ORD00995,FemboyLover,23800.0,21.9,Sell,MINT,2025-11-11 13:58:27
ORD00996,FemboyLover,23800.0,21.1,Buy,MINT,2025-11-11 13:58:58
ORD00997,FemboyLover,11600.0,43.75,Sell,GULF,2025-11-11 11:18:44
ORD00998,FemboyLover,23800.0,21.9,Sell,MINT,2025-11-11 14:00:04
ORD00999,FemboyLover,11600.0,43.25,Buy,GULF,2025-11-11 11:18:45
ORD01000,FemboyLover,11100.0,45.75,Sell,CPALL,2025-11-11 15:45:18
ORD01001,FemboyLover,11100.0,45.25,Buy,CPALL,2025-11-11 15:45:35
ORD01002,FemboyLover,11600.0,43.75,Sell,GULF,2025-11-11 11:19:02
ORD01003,FemboyLover,11100.0,45.75,Sell,CPALL,2025-11-11 15:45:45
ORD01004,FemboyLover,11600.0,43.25,Buy,GULF,2025-11-11 11:19:02
ORD01005,FemboyLover,11100.0,45.25,Buy,CPALL,2025-11-11 15:45:55
ORD01006,FemboyLover,11600.0,43.75,Sell,GULF,2025-11-11 11:19:37
ORD01007,FemboyLover,11600.0,43.25,Buy,GULF,2025-11-11 11:19:41
ORD01008,FemboyLover,11100.0,45.75,Sell,CPALL,2025-11-11 15:46:25
ORD01009,FemboyLover,11100.0,45.25,Buy,CPALL,2025-11-11 15:46:31
ORD01010,FemboyLover,11100.0,45.75,Sell,CPALL,2025-11-11 15:47:21
ORD01011,FemboyLover,11100.0,45.25,Buy,CPALL,2025-11-11 15:47:26
ORD01012,FemboyLover,11600.0,43.75,Sell,GULF,2025-11-11 11:20:02
ORD01013,FemboyLover,11600.0,43.25,Buy,GULF,2025-11-11 11:20:11
ORD01014,FemboyLover,11100.0,45.75,Sell,CPALL,2025-11-11 15:47:47
ORD01015,FemboyLover,11100.0,45.25,Buy,CPALL,2025-11-11 15:47:51
ORD01016,FemboyLover,11100.0,45.75,Sell,CPALL,2025-11-11 15:47:55
ORD01017,FemboyLover,23800.0,21.1,Buy,MINT,2025-11-11 14:00:53
ORD01018,FemboyLover,23800.0,21.9,Sell,MINT,2025-11-11 14:01:05
ORD01019,FemboyLover,11100.0,45.25,Buy,CPALL,2025-11-11 15:48:07
ORD01020,FemboyLover,23800.0,21.1,Buy,MINT,2025-11-11 14:03:25
ORD01021,FemboyLover,23800.0,21.9,Sell,MINT,2025-11-11 14:04:06
ORD01022,FemboyLover,11100.0,45.75,Sell,CPALL,2025-11-11 15:48:43
ORD01023,FemboyLover,11100.0,45.25,Buy,CPALL,2025-11-11 15:48:55
ORD01024,FemboyLover,11100.0,45.75,Sell,CPALL,2025-11-11 15:49:13
ORD01025,FemboyLover,23800.0,21.1,Buy,MINT,2025-11-11 14:05:28
ORD01026,FemboyLover,11100.0,45.25,Buy,CPALL,2025-11-11 15:49:15
ORD01027,FemboyLover,23800.0,21.9,Sell,MINT,2025-11-11 14:05:58
ORD01028,FemboyLover,23800.0,21.1,Buy,MINT,2025-11-11 14:06:18
ORD01029,FemboyLover,11100.0,45.75,Sell,CPALL,2025-11-11 15:49:25
ORD01030,FemboyLover,23800.0,21.9,Sell,MINT,2025-11-11 14:06:31
ORD01031,FemboyLover,23800.0,21.1,Buy,MINT,2025-11-11 14:06:56
ORD01032,FemboyLover,11100.0,45.25,Buy,CPALL,2025-11-11 15:49:31
ORD01033,FemboyLover,23800.0,21.9,Sell,MINT,2025-11-11 14:07:01
ORD01034,FemboyLover,11100.0,45.75,Sell,CPALL,2025-11-11 15:50:19
ORD01035,FemboyLover,11600.0,43.75,Sell,GULF,2025-11-11 11:21:06
ORD01036,FemboyLover,23800.0,21.1,Buy,MINT,2025-11-11 14:07:24
ORD01037,FemboyLover,11600.0,43.25,Buy,GULF,2025-11-11 11:21:16
ORD01038,FemboyLover,23800.0,21.9,Sell,MINT,2025-11-11 14:07:51
ORD01039,FemboyLover,11100.0,45.25,Buy,CPALL,2025-11-11 15:50:29
ORD01040,FemboyLover,11100.0,45.75,Sell,CPALL,2025-11-11 15:50:50
ORD01041,FemboyLover,11100.0,45.25,Buy,CPALL,2025-11-11 15:51:06
ORD01042,FemboyLover,11100.0,45.75,Sell,CPALL,2025-11-11 15:51:17
ORD01043,FemboyLover,11600.0,43.75,Sell,GULF,2025-11-11 11:21:19
ORD01044,FemboyLover,11100.0,45.25,Buy,CPALL,2025-11-11 15:51:24
ORD01045,FemboyLover,11600.0,43.25,Buy,GULF,2025-11-11 11:21:21
ORD01046,FemboyLover,11100.0,45.75,Sell,CPALL,2025-11-11 15:51:26
ORD01047,FemboyLover,11100.0,45.25,Buy,CPALL,2025-11-11 15:51:42
ORD01048,FemboyLover,11100.0,45.75,Sell,CPALL,2025-11-11 15:51:50
ORD01049,FemboyLover,11100.0,45.25,Buy,CPALL,2025-11-11 15:51:57
ORD01050,FemboyLover,23800.0,21.1,Buy,MINT,2025-11-11 14:11:38
ORD01051,FemboyLover,11100.0,45.75,Sell,CPALL,2025-11-11 15:52:06
ORD01052,FemboyLover,23800.0,21.9,Sell,MINT,2025-11-11 14:16:07
ORD01053,FemboyLover,11100.0,45.25,Buy,CPALL,2025-11-11 15:52:17
ORD01054,FemboyLover,11100.0,45.75,Sell,CPALL,2025-11-11 15:52:31
ORD01055,FemboyLover,23800.0,21.1,Buy,MINT,2025-11-11 14:17:29
ORD01056,FemboyLover,11100.0,45.25,Buy,CPALL,2025-11-11 15:52:35
ORD01057,FemboyLover,23800.0,21.9,Sell,MINT,2025-11-11 14:18:05
ORD01058,FemboyLover,11100.0,45.75,Sell,CPALL,2025-11-11 15:52:36
ORD01059,FemboyLover,11100.0,45.25,Buy,CPALL,2025-11-11 15:52:55
ORD01060,FemboyLover,11100.0,45.75,Sell,CPALL,2025-11-11 15:53:29
ORD01061,FemboyLover,11600.0,43.75,Sell,GULF,2025-11-11 11:22:07
ORD01062,FemboyLover,11100.0,45.25,Buy,CPALL,2025-11-11 15:53:31
ORD01063,FemboyLover,11600.0,43.25,Buy,GULF,2025-11-11 11:22:08
ORD01064,FemboyLover,11100.0,45.75,Sell,CPALL,2025-11-11 15:53:42
ORD01065,FemboyLover,11100.0,45.25,Buy,CPALL,2025-11-11 15:53:50
ORD01066,FemboyLover,11100.0,45.75,Sell,CPALL,2025-11-11 15:54:11
ORD01067,FemboyLover,11100.0,45.25,Buy,CPALL,2025-11-11 15:54:15
ORD01068,FemboyLover,11100.0,45.75,Sell,CPALL,2025-11-11 15:54:35
ORD01069,FemboyLover,11100.0,45.25,Buy,CPALL,2025-11-11 15:54:37
ORD01070,FemboyLover,11100.0,45.75,Sell,CPALL,2025-11-11 15:54:51
ORD01071,FemboyLover,11100.0,45.25,Buy,CPALL,2025-11-11 15:54:59
ORD01072,FemboyLover,11100.0,45.75,Sell,CPALL,2025-11-11 15:55:03
ORD01073,FemboyLover,11100.0,45.25,Buy,CPALL,2025-11-11 15:55:15
ORD01074,FemboyLover,11100.0,45.75,Sell,CPALL,2025-11-11 15:55:28
ORD01075,FemboyLover,23800.0,21.1,Buy,MINT,2025-11-11 14:23:21
ORD01076,FemboyLover,11100.0,45.25,Buy,CPALL,2025-11-11 15:55:31
ORD01077,FemboyLover,23800.0,21.9,Sell,MINT,2025-11-11 14:23:21
ORD01078,FemboyLover,11100.0,45.75,Sell,CPALL,2025-11-11 15:55:35
ORD01079,FemboyLover,11100.0,45.25,Buy,CPALL,2025-11-11 15:55:50
ORD01080,FemboyLover,11600.0,43.75,Sell,GULF,2025-11-11 11:23:06
ORD01081,FemboyLover,11100.0,45.75,Sell,CPALL,2025-11-11 15:56:06
ORD01082,FemboyLover,11100.0,45.25,Buy,CPALL,2025-11-11 15:56:08
ORD01083,FemboyLover,11100.0,45.75,Sell,CPALL,2025-11-11 15:56:08
ORD01084,FemboyLover,11100.0,45.25,Buy,CPALL,2025-11-11 15:56:23
ORD01085,FemboyLover,11100.0,45.75,Sell,CPALL,2025-11-11 15:56:35
ORD01086,FemboyLover,11100.0,45.25,Buy,CPALL,2025-11-11 15:56:40
ORD01087,FemboyLover,11100.0,45.75,Sell,CPALL,2025-11-11 15:57:12
ORD01088,FemboyLover,11100.0,45.25,Buy,CPALL,2025-11-11 15:57:15
ORD01089,FemboyLover,11600.0,43.25,Buy,GULF,2025-11-11 11:23:11
ORD01090,FemboyLover,11100.0,45.75,Sell,CPALL,2025-11-11 15:57:36
ORD01091,FemboyLover,23800.0,21.1,Buy,MINT,2025-11-11 14:29:11
ORD01092,FemboyLover,23800.0,21.9,Sell,MINT,2025-11-11 14:29:24
ORD01093,FemboyLover,23800.0,21.1,Buy,MINT,2025-11-11 14:29:26
ORD01094,FemboyLover,11100.0,45.25,Buy,CPALL,2025-11-11 15:58:08
ORD01095,FemboyLover,23800.0,21.9,Sell,MINT,2025-11-11 14:29:48
ORD01096,FemboyLover,11100.0,45.75,Sell,CPALL,2025-11-11 15:58:52
ORD01097,FemboyLover,11100.0,45.25,Buy,CPALL,2025-11-11 15:59:00
ORD01098,FemboyLover,11100.0,45.75,Sell,CPALL,2025-11-11 15:59:24
ORD01099,FemboyLover,11100.0,45.25,Buy,CPALL,2025-11-11 15:59:35
ORD01100,FemboyLover,23800.0,21.1,Buy,MINT,2025-11-11 14:33:10
ORD01101,FemboyLover,11100.0,45.75,Sell,CPALL,2025-11-11 15:59:40
ORD01102,FemboyLover,11100.0,45.25,Buy,CPALL,2025-11-11 15:59:42
ORD01103,FemboyLover,11100.0,45.75,Sell,CPALL,2025-11-11 15:59:50
ORD01104,FemboyLover,23800.0,21.9,Sell,MINT,2025-11-11 14:33:20
ORD01105,FemboyLover,11100.0,45.25,Buy,CPALL,2025-11-11 16:00:15
ORD01106,FemboyLover,11100.0,45.75,Sell,CPALL,2025-11-11 16:00:16
ORD01107,FemboyLover,23800.0,21.1,Buy,MINT,2025-11-11 14:33:53
ORD01108,FemboyLover,23800.0,21.9,Sell,MINT,2025-11-11 14:34:40
ORD01109,FemboyLover,23800.0,21.1,Buy,MINT,2025-11-11 14:34:44
ORD01110,FemboyLover,11100.0,45.25,Buy,CPALL,2025-11-11 16:01:18
ORD01111,FemboyLover,23800.0,21.9,Sell,MINT,2025-11-11 14:35:12
ORD01112,FemboyLover,11100.0,45.75,Sell,CPALL,2025-11-11 16:01:24
ORD01113,FemboyLover,11100.0,45.25,Buy,CPALL,2025-11-11 16:01:32
ORD01114,FemboyLover,23800.0,21.1,Buy,MINT,2025-11-11 14:35:16
ORD01115,FemboyLover,11100.0,45.75,Sell,CPALL,2025-11-11 16:01:38
ORD01116,FemboyLover,23800.0,21.9,Sell,MINT,2025-11-11 14:35:16
ORD01117,FemboyLover,11100.0,45.25,Buy,CPALL,2025-11-11 16:01:43
ORD01118,FemboyLover,23800.0,21.1,Buy,MINT,2025-11-11 14:35:35
ORD01119,FemboyLover,11100.0,45.75,Sell,CPALL,2025-11-11 16:01:45
ORD01120,FemboyLover,23800.0,21.9,Sell,MINT,2025-11-11 14:35:43
ORD01121,FemboyLover,11100.0,45.25,Buy,CPALL,2025-11-11 16:02:02
ORD01122,FemboyLover,23800.0,21.1,Buy,MINT,2025-11-11 14:35:53
ORD01123,FemboyLover,23800.0,21.9,Sell,MINT,2025-11-11 14:36:25
ORD01124,FemboyLover,11100.0,45.75,Sell,CPALL,2025-11-11 16:02:22
ORD01125,FemboyLover,23800.0,21.1,Buy,MINT,2025-11-11 14:36:27
ORD01126,FemboyLover,23800.0,21.9,Sell,MINT,2025-11-11 14:36:44
ORD01127,FemboyLover,23800.0,21.1,Buy,MINT,2025-11-11 14:36:44
ORD01128,FemboyLover,23800.0,21.9,Sell,MINT,2025-11-11 14:37:00
ORD01129,FemboyLover,11100.0,45.25,Buy,CPALL,2025-11-11 16:03:06
ORD01130,FemboyLover,11100.0,45.75,Sell,CPALL,2025-11-11 16:03:24
ORD01131,FemboyLover,23800.0,21.1,Buy,MINT,2025-11-11 14:37:02
ORD01132,FemboyLover,11100.0,45.25,Buy,CPALL,2025-11-11 16:03:36
ORD01133,FemboyLover,11100.0,45.75,Sell,CPALL,2025-11-11 16:03:52
ORD01134,FemboyLover,23800.0,21.9,Sell,MINT,2025-11-11 14:37:52
ORD01135,FemboyLover,23800.0,21.1,Buy,MINT,2025-11-11 14:37:54
ORD01136,FemboyLover,23800.0,21.9,Sell,MINT,2025-11-11 14:38:13
ORD01137,FemboyLover,11100.0,45.25,Buy,CPALL,2025-11-11 16:04:48
ORD01138,FemboyLover,11100.0,45.75,Sell,CPALL,2025-11-11 16:04:52
ORD01139,FemboyLover,23800.0,21.1,Buy,MINT,2025-11-11 14:38:27
ORD01140,FemboyLover,23800.0,21.9,Sell,MINT,2025-11-11 14:39:16
ORD01141,FemboyLover,23800.0,21.1,Buy,MINT,2025-11-11 14:39:20
ORD01142,FemboyLover,11100.0,45.25,Buy,CPALL,2025-11-11 16:06:01
ORD01143,FemboyLover,11100.0,45.75,Sell,CPALL,2025-11-11 16:06:17
ORD01144,FemboyLover,11100.0,45.25,Buy,CPALL,2025-11-11 16:06:28
ORD01145,FemboyLover,11100.0,45.75,Sell,CPALL,2025-11-11 16:06:45
ORD01146,FemboyLover,11100.0,45.25,Buy,CPALL,2025-11-11 16:06:45
ORD01147,FemboyLover,11100.0,45.75,Sell,CPALL,2025-11-11 16:06:47
ORD01148,FemboyLover,11100.0,45.25,Buy,CPALL,2025-11-11 16:07:06
ORD01149,FemboyLover,11100.0,45.75,Sell,CPALL,2025-11-11 16:07:07
ORD01150,FemboyLover,11100.0,45.25,Buy,CPALL,2025-11-11 16:08:14
ORD01151,FemboyLover,11100.0,45.75,Sell,CPALL,2025-11-11 16:08:22
ORD01152,FemboyLover,11600.0,43.75,Sell,GULF,2025-11-11 11:25:37
ORD01153,FemboyLover,11600.0,43.25,Buy,GULF,2025-11-11 11:25:49
ORD01154,FemboyLover,23800.0,21.9,Sell,MINT,2025-11-11 14:40:41
ORD01155,FemboyLover,23800.0,21.1,Buy,MINT,2025-11-11 14:40:45
ORD01156,FemboyLover,11100.0,45.25,Buy,CPALL,2025-11-11 16:09:49
ORD01157,FemboyLover,11100.0,45.75,Sell,CPALL,2025-11-11 16:09:51
ORD01158,FemboyLover,11100.0,45.25,Buy,CPALL,2025-11-11 16:09:56
ORD01159,FemboyLover,11100.0,45.75,Sell,CPALL,2025-11-11 16:09:57
ORD01160,FemboyLover,23800.0,21.9,Sell,MINT,2025-11-11 14:41:59
ORD01161,FemboyLover,11100.0,45.25,Buy,CPALL,2025-11-11 16:10:22
ORD01162,FemboyLover,23800.0,21.1,Buy,MINT,2025-11-11 14:42:02
ORD01163,FemboyLover,11100.0,45.75,Sell,CPALL,2025-11-11 16:10:23
ORD01164,FemboyLover,11100.0,45.25,Buy,CPALL,2025-11-11 16:11:01
ORD01165,FemboyLover,11100.0,45.75,Sell,CPALL,2025-11-11 16:11:12
ORD01166,FemboyLover,11100.0,45.25,Buy,CPALL,2025-11-11 16:11:23
ORD01167,FemboyLover,23800.0,21.9,Sell,MINT,2025-11-11 14:42:53
ORD01168,FemboyLover,11100.0,45.75,Sell,CPALL,2025-11-11 16:11:24
ORD01169,FemboyLover,23800.0,21.1,Buy,MINT,2025-11-11 14:42:53
ORD01170,FemboyLover,11100.0,45.25,Buy,CPALL,2025-11-11 16:11:29
ORD01171,FemboyLover,23800.0,21.9,Sell,MINT,2025-11-11 14:42:53
ORD01172,FemboyLover,11100.0,45.75,Sell,CPALL,2025-11-11 16:11:49
ORD01173,FemboyLover,23800.0,21.1,Buy,MINT,2025-11-11 14:43:09
ORD01174,FemboyLover,23800.0,21.9,Sell,MINT,2025-11-11 14:43:16
ORD01175,FemboyLover,23800.0,21.1,Buy,MINT,2025-11-11 14:43:25
ORD01176,FemboyLover,11600.0,43.75,Sell,GULF,2025-11-11 11:26:21
ORD01177,FemboyLover,11600.0,43.25,Buy,GULF,2025-11-11 11:26:21
ORD01178,FemboyLover,23800.0,21.9,Sell,MINT,2025-11-11 14:43:45
ORD01179,FemboyLover,11100.0,45.25,Buy,CPALL,2025-11-11 16:12:51
ORD01180,FemboyLover,11600.0,43.75,Sell,GULF,2025-11-11 11:26:48
ORD01181,FemboyLover,11600.0,43.25,Buy,GULF,2025-11-11 11:26:49
ORD01182,FemboyLover,23800.0,21.1,Buy,MINT,2025-11-11 14:45:22
ORD01183,FemboyLover,23800.0,21.9,Sell,MINT,2025-11-11 14:45:34
ORD01184,FemboyLover,11600.0,43.75,Sell,GULF,2025-11-11 11:27:11
ORD01185,FemboyLover,11600.0,43.25,Buy,GULF,2025-11-11 11:27:13
ORD01186,FemboyLover,11100.0,45.75,Sell,CPALL,2025-11-11 16:12:51
ORD01187,FemboyLover,11100.0,45.25,Buy,CPALL,2025-11-11 16:12:51
ORD01188,FemboyLover,11100.0,45.75,Sell,CPALL,2025-11-11 16:12:53
ORD01189,FemboyLover,11600.0,43.75,Sell,GULF,2025-11-11 11:28:47
ORD01190,FemboyLover,11100.0,45.25,Buy,CPALL,2025-11-11 16:12:55
ORD01191,FemboyLover,11600.0,43.25,Buy,GULF,2025-11-11 11:28:48
ORD01192,FemboyLover,11600.0,43.75,Sell,GULF,2025-11-11 11:29:27
ORD01193,FemboyLover,11600.0,43.25,Buy,GULF,2025-11-11 11:29:28
ORD01194,FemboyLover,11600.0,43.75,Sell,GULF,2025-11-11 11:29:39
ORD01195,FemboyLover,11600.0,43.25,Buy,GULF,2025-11-11 11:29:47
ORD01196,FemboyLover,11100.0,45.75,Sell,CPALL,2025-11-11 16:13:52
ORD01197,FemboyLover,11100.0,45.25,Buy,CPALL,2025-11-11 16:14:04
ORD01198,FemboyLover,11600.0,43.75,Sell,GULF,2025-11-11 11:30:12
ORD01199,FemboyLover,11600.0,43.25,Buy,GULF,2025-11-11 11:30:17
ORD01200,FemboyLover,11100.0,45.75,Sell,CPALL,2025-11-11 16:14:24
ORD01201,FemboyLover,11100.0,45.25,Buy,CPALL,2025-11-11 16:14:34
ORD01202,FemboyLover,11600.0,43.75,Sell,GULF,2025-11-11 11:30:41
ORD01203,FemboyLover,11600.0,43.25,Buy,GULF,2025-11-11 11:30:45
ORD01204,FemboyLover,11600.0,43.75,Sell,GULF,2025-11-11 11:31:21
ORD01205,FemboyLover,11600.0,43.25,Buy,GULF,2025-11-11 11:31:25
ORD01206,FemboyLover,11600.0,43.75,Sell,GULF,2025-11-11 11:31:51
ORD01207,FemboyLover,11600.0,43.25,Buy,GULF,2025-11-11 11:31:52
ORD01208,FemboyLover,11600.0,43.75,Sell,GULF,2025-11-11 11:32:10
ORD01209,FemboyLover,11600.0,43.25,Buy,GULF,2025-11-11 11:32:23
ORD01210,FemboyLover,11600.0,43.75,Sell,GULF,2025-11-11 11:32:36
ORD01211,FemboyLover,11600.0,43.25,Buy,GULF,2025-11-11 11:32:42
ORD01212,FemboyLover,11600.0,43.75,Sell,GULF,2025-11-11 11:32:45
ORD01213,FemboyLover,11600.0,43.25,Buy,GULF,2025-11-11 11:32:55
ORD01214,FemboyLover,11600.0,43.75,Sell,GULF,2025-11-11 11:33:03
ORD01215,FemboyLover,11600.0,43.25,Buy,GULF,2025-11-11 11:33:03
ORD01216,FemboyLover,23800.0,21.1,Buy,MINT,2025-11-11 14:52:37
ORD01217,FemboyLover,11600.0,43.75,Sell,GULF,2025-11-11 11:33:06
ORD01218,FemboyLover,11600.0,43.25,Buy,GULF,2025-11-11 11:33:18
ORD01219,FemboyLover,23800.0,21.9,Sell,MINT,2025-11-11 14:52:37
ORD01220,FemboyLover,23800.0,21.1,Buy,MINT,2025-11-11 14:52:37
ORD01221,FemboyLover,11600.0,43.75,Sell,GULF,2025-11-11 11:33:39
ORD01222,FemboyLover,11600.0,43.25,Buy,GULF,2025-11-11 11:33:43
ORD01223,FemboyLover,23800.0,21.9,Sell,MINT,2025-11-11 14:52:37
ORD01224,FemboyLover,23800.0,21.1,Buy,MINT,2025-11-11 14:52:37
ORD01225,FemboyLover,11600.0,43.75,Sell,GULF,2025-11-11 11:34:02
ORD01226,FemboyLover,11600.0,43.25,Buy,GULF,2025-11-11 11:34:04
ORD01227,FemboyLover,23800.0,21.9,Sell,MINT,2025-11-11 14:52:37
ORD01228,FemboyLover,11600.0,43.75,Sell,GULF,2025-11-11 11:34:19
ORD01229,FemboyLover,11600.0,43.25,Buy,GULF,2025-11-11 11:34:26
ORD01230,FemboyLover,23800.0,21.1,Buy,MINT,2025-11-11 14:54:07
ORD01231,FemboyLover,23800.0,21.9,Sell,MINT,2025-11-11 14:54:07
ORD01232,FemboyLover,23800.0,21.1,Buy,MINT,2025-11-11 14:58:01
ORD01233,FemboyLover,11600.0,43.75,Sell,GULF,2025-11-11 11:35:12
ORD01234,FemboyLover,23800.0,21.9,Sell,MINT,2025-11-11 14:59:04
ORD01235,FemboyLover,11600.0,43.25,Buy,GULF,2025-11-11 11:35:25
ORD01236,FemboyLover,11600.0,43.75,Sell,GULF,2025-11-11 11:35:58
ORD01237,FemboyLover,23800.0,21.1,Buy,MINT,2025-11-11 14:59:14
ORD01238,FemboyLover,11600.0,43.25,Buy,GULF,2025-11-11 11:36:05
ORD01239,FemboyLover,23800.0,21.9,Sell,MINT,2025-11-11 15:00:54
ORD01240,FemboyLover,11600.0,43.75,Sell,GULF,2025-11-11 11:36:18
ORD01241,FemboyLover,23800.0,21.1,Buy,MINT,2025-11-11 15:01:47
ORD01242,FemboyLover,11600.0,43.25,Buy,GULF,2025-11-11 11:36:22
ORD01243,FemboyLover,23800.0,21.9,Sell,MINT,2025-11-11 15:02:12
ORD01244,FemboyLover,11600.0,43.75,Sell,GULF,2025-11-11 11:36:27
ORD01245,FemboyLover,11600.0,43.25,Buy,GULF,2025-11-11 11:36:31
ORD01246,FemboyLover,23800.0,21.1,Buy,MINT,2025-11-11 15:02:20
ORD01247,FemboyLover,23800.0,21.9,Sell,MINT,2025-11-11 15:04:04
ORD01248,FemboyLover,23800.0,21.1,Buy,MINT,2025-11-11 15:04:19
ORD01249,FemboyLover,11600.0,43.75,Sell,GULF,2025-11-11 11:36:40
ORD01250,FemboyLover,11600.0,43.25,Buy,GULF,2025-11-11 11:36:49
ORD01251,FemboyLover,11600.0,43.75,Sell,GULF,2025-11-11 11:37:02
ORD01252,FemboyLover,23800.0,21.9,Sell,MINT,2025-11-11 15:06:20
ORD01253,FemboyLover,11600.0,43.25,Buy,GULF,2025-11-11 11:37:02
ORD01254,FemboyLover,11600.0,43.75,Sell,GULF,2025-11-11 11:37:07
ORD01255,FemboyLover,11600.0,43.25,Buy,GULF,2025-11-11 11:37:11
ORD01256,FemboyLover,23800.0,21.1,Buy,MINT,2025-11-11 15:08:01
ORD01257,FemboyLover,23800.0,21.9,Sell,MINT,2025-11-11 15:08:26
ORD01258,FemboyLover,23800.0,21.1,Buy,MINT,2025-11-11 15:09:04
ORD01259,FemboyLover,11600.0,43.75,Sell,GULF,2025-11-11 11:37:32
ORD01260,FemboyLover,23800.0,21.9,Sell,MINT,2025-11-11 15:09:09
ORD01261,FemboyLover,11600.0,43.25,Buy,GULF,2025-11-11 11:37:33
ORD01262,FemboyLover,23800.0,21.1,Buy,MINT,2025-11-11 15:09:15
ORD01263,FemboyLover,11600.0,43.75,Sell,GULF,2025-11-11 11:37:35
ORD01264,FemboyLover,23800.0,21.9,Sell,MINT,2025-11-11 15:09:35
ORD01265,FemboyLover,11600.0,43.25,Buy,GULF,2025-11-11 11:37:47
ORD01266,FemboyLover,23800.0,21.1,Buy,MINT,2025-11-11 15:10:20
ORD01267,FemboyLover,23800.0,21.9,Sell,MINT,2025-11-11 15:10:49
ORD01268,FemboyLover,23800.0,21.1,Buy,MINT,2025-11-11 15:12:36
ORD01269,FemboyLover,23800.0,21.9,Sell,MINT,2025-11-11 15:13:27
ORD01270,FemboyLover,23800.0,21.1,Buy,MINT,2025-11-11 15:14:50
ORD01271,FemboyLover,23800.0,21.9,Sell,MINT,2025-11-11 15:15:15
ORD01272,FemboyLover,11600.0,43.75,Sell,GULF,2025-11-11 11:38:32
ORD01273,FemboyLover,23800.0,21.1,Buy,MINT,2025-11-11 15:16:57
ORD01274,FemboyLover,11600.0,43.25,Buy,GULF,2025-11-11 11:38:43
ORD01275,FemboyLover,11600.0,43.75,Sell,GULF,2025-11-11 11:38:44
ORD01276,FemboyLover,11600.0,43.25,Buy,GULF,2025-11-11 11:38:46
ORD01277,FemboyLover,11600.0,43.75,Sell,GULF,2025-11-11 11:38:47
ORD01278,FemboyLover,11600.0,43.25,Buy,GULF,2025-11-11 11:38:48
ORD01279,FemboyLover,11600.0,43.75,Sell,GULF,2025-11-11 11:38:51
ORD01280,FemboyLover,11600.0,43.25,Buy,GULF,2025-11-11 11:39:01
ORD01281,FemboyLover,11100.0,45.75,Sell,CPALL,2025-11-11 16:20:02
ORD01282,FemboyLover,23800.0,21.9,Sell,MINT,2025-11-11 15:17:17
ORD01283,FemboyLover,11600.0,43.75,Sell,GULF,2025-11-11 11:40:34
ORD01284,FemboyLover,11600.0,43.25,Buy,GULF,2025-11-11 11:40:43
ORD01285,FemboyLover,11600.0,43.75,Sell,GULF,2025-11-11 11:40:46
ORD01286,FemboyLover,23800.0,21.1,Buy,MINT,2025-11-11 15:19:20
ORD01287,FemboyLover,23800.0,21.9,Sell,MINT,2025-11-11 15:19:27
ORD01288,FemboyLover,11600.0,43.25,Buy,GULF,2025-11-11 11:40:55
ORD01289,FemboyLover,23800.0,21.1,Buy,MINT,2025-11-11 15:19:37
ORD01290,FemboyLover,11600.0,43.75,Sell,GULF,2025-11-11 11:41:21
ORD01291,FemboyLover,23800.0,21.9,Sell,MINT,2025-11-11 15:20:09
ORD01292,FemboyLover,23800.0,21.1,Buy,MINT,2025-11-11 15:21:56
ORD01293,FemboyLover,23800.0,21.9,Sell,MINT,2025-11-11 15:23:04
ORD01294,FemboyLover,11600.0,43.25,Buy,GULF,2025-11-11 11:41:28
ORD01295,FemboyLover,23800.0,21.1,Buy,MINT,2025-11-11 15:24:16
ORD01296,FemboyLover,11600.0,43.75,Sell,GULF,2025-11-11 11:41:28
ORD01297,FemboyLover,23800.0,21.9,Sell,MINT,2025-11-11 15:24:30
ORD01298,FemboyLover,23800.0,21.1,Buy,MINT,2025-11-11 15:25:37
ORD01299,FemboyLover,11600.0,43.25,Buy,GULF,2025-11-11 11:41:59
ORD01300,FemboyLover,23800.0,21.9,Sell,MINT,2025-11-11 15:26:24
ORD01301,FemboyLover,11600.0,43.75,Sell,GULF,2025-11-11 11:42:14
ORD01302,FemboyLover,11600.0,43.25,Buy,GULF,2025-11-11 11:42:25
ORD01303,FemboyLover,11600.0,43.75,Sell,GULF,2025-11-11 11:42:31
ORD01304,FemboyLover,23800.0,21.1,Buy,MINT,2025-11-11 15:26:33
ORD01305,FemboyLover,11600.0,43.25,Buy,GULF,2025-11-11 11:42:53
ORD01306,FemboyLover,23800.0,21.9,Sell,MINT,2025-11-11 15:26:44
ORD01307,FemboyLover,11600.0,43.75,Sell,GULF,2025-11-11 11:42:54
ORD01308,FemboyLover,11600.0,43.25,Buy,GULF,2025-11-11 11:43:19
ORD01309,FemboyLover,23800.0,21.1,Buy,MINT,2025-11-11 15:27:30
ORD01310,FemboyLover,11600.0,43.75,Sell,GULF,2025-11-11 11:43:20
ORD01311,FemboyLover,23800.0,21.9,Sell,MINT,2025-11-11 15:27:59
ORD01312,FemboyLover,11600.0,43.25,Buy,GULF,2025-11-11 11:43:21
ORD01313,FemboyLover,11600.0,43.75,Sell,GULF,2025-11-11 11:43:33
ORD01314,FemboyLover,11600.0,43.25,Buy,GULF,2025-11-11 11:43:33
ORD01315,FemboyLover,23800.0,21.1,Buy,MINT,2025-11-11 15:28:46
ORD01316,FemboyLover,23800.0,21.9,Sell,MINT,2025-11-11 15:29:00
ORD01317,FemboyLover,11600.0,43.75,Sell,GULF,2025-11-11 11:43:49
ORD01318,FemboyLover,11600.0,43.25,Buy,GULF,2025-11-11 11:44:07
ORD01319,FemboyLover,11600.0,43.75,Sell,GULF,2025-11-11 11:44:11
ORD01320,FemboyLover,11600.0,43.25,Buy,GULF,2025-11-11 11:44:41
ORD01321,FemboyLover,11600.0,43.75,Sell,GULF,2025-11-11 11:44:41
ORD01322,FemboyLover,11600.0,43.25,Buy,GULF,2025-11-11 11:45:06
ORD01323,FemboyLover,11600.0,43.75,Sell,GULF,2025-11-11 11:45:06
ORD01324,FemboyLover,11600.0,43.25,Buy,GULF,2025-11-11 11:45:34
ORD01325,FemboyLover,11600.0,43.75,Sell,GULF,2025-11-11 11:46:22
ORD01326,FemboyLover,11600.0,43.25,Buy,GULF,2025-11-11 11:46:49
ORD01327,FemboyLover,11600.0,43.75,Sell,GULF,2025-11-11 11:47:05
ORD01328,FemboyLover,11600.0,43.25,Buy,GULF,2025-11-11 11:47:12
ORD01329,FemboyLover,11600.0,43.75,Sell,GULF,2025-11-11 11:47:15
ORD01330,FemboyLover,11600.0,43.25,Buy,GULF,2025-11-11 11:47:40
ORD01331,FemboyLover,11600.0,43.75,Sell,GULF,2025-11-11 11:47:59
ORD01332,FemboyLover,11600.0,43.25,Buy,GULF,2025-11-11 11:48:04
ORD01333,FemboyLover,11600.0,43.75,Sell,GULF,2025-11-11 11:48:25
ORD01334,FemboyLover,23800.0,21.1,Buy,MINT,2025-11-11 15:29:43
ORD01335,FemboyLover,11600.0,43.25,Buy,GULF,2025-11-11 11:48:27
ORD01336,FemboyLover,23800.0,21.9,Sell,MINT,2025-11-11 15:30:01
ORD01337,FemboyLover,11600.0,43.75,Sell,GULF,2025-11-11 11:48:30
ORD01338,FemboyLover,11600.0,43.25,Buy,GULF,2025-11-11 11:49:00
ORD01339,FemboyLover,11600.0,43.75,Sell,GULF,2025-11-11 11:49:00
ORD01340,FemboyLover,23800.0,21.1,Buy,MINT,2025-11-11 15:33:29
ORD01341,FemboyLover,23800.0,21.9,Sell,MINT,2025-11-11 15:36:00
ORD01342,FemboyLover,23800.0,21.1,Buy,MINT,2025-11-11 15:38:09
ORD01343,FemboyLover,23800.0,21.9,Sell,MINT,2025-11-11 15:39:10
ORD01344,FemboyLover,23800.0,21.1,Buy,MINT,2025-11-11 15:40:24
ORD01345,FemboyLover,23800.0,21.9,Sell,MINT,2025-11-11 15:40:32
ORD01346,FemboyLover,23800.0,21.1,Buy,MINT,2025-11-11 15:42:35
ORD01347,FemboyLover,23800.0,21.9,Sell,MINT,2025-11-11 15:43:49
ORD01348,FemboyLover,23800.0,21.1,Buy,MINT,2025-11-11 15:45:03
ORD01349,FemboyLover,23800.0,21.9,Sell,MINT,2025-11-11 15:45:23
ORD01350,FemboyLover,23800.0,21.1,Buy,MINT,2025-11-11 15:47:27
ORD01351,FemboyLover,23800.0,21.9,Sell,MINT,2025-11-11 15:48:25
ORD01352,FemboyLover,23800.0,21.1,Buy,MINT,2025-11-11 15:49:42
ORD01353,FemboyLover,23800.0,21.9,Sell,MINT,2025-11-11 15:49:46
ORD01354,FemboyLover,23800.0,21.1,Buy,MINT,2025-11-11 15:49:58
ORD01355,FemboyLover,23800.0,21.9,Sell,MINT,2025-11-11 15:50:34
ORD01356,FemboyLover,23800.0,21.1,Buy,MINT,2025-11-11 15:50:34
ORD01357,FemboyLover,23800.0,21.9,Sell,MINT,2025-11-11 15:50:48
ORD01358,FemboyLover,23800.0,21.1,Buy,MINT,2025-11-11 15:51:03
ORD01359,FemboyLover,23800.0,21.9,Sell,MINT,2025-11-11 15:52:52
ORD01360,FemboyLover,23800.0,21.1,Buy,MINT,2025-11-11 15:53:08
ORD01361,FemboyLover,23800.0,21.9,Sell,MINT,2025-11-11 15:53:31
ORD01362,FemboyLover,23800.0,21.1,Buy,MINT,2025-11-11 15:53:36
ORD01363,FemboyLover,23800.0,21.9,Sell,MINT,2025-11-11 15:54:35
ORD01364,FemboyLover,23800.0,21.1,Buy,MINT,2025-11-11 15:56:43
ORD01365,FemboyLover,23800.0,21.9,Sell,MINT,2025-11-11 15:57:10
ORD01366,FemboyLover,23800.0,21.1,Buy,MINT,2025-11-11 15:57:54
ORD01367,FemboyLover,23800.0,21.9,Sell,MINT,2025-11-11 15:58:03
ORD01368,FemboyLover,23800.0,21.1,Buy,MINT,2025-11-11 15:58:07
ORD01369,FemboyLover,23800.0,21.9,Sell,MINT,2025-11-11 15:59:52
ORD01370,FemboyLover,23800.0,21.1,Buy,MINT,2025-11-11 16:00:04
ORD01371,FemboyLover,11600.0,43.25,Buy,GULF,2025-11-11 12:21:37
ORD01372,FemboyLover,11600.0,43.75,Sell,GULF,2025-11-11 12:21:41
ORD01373,FemboyLover,23800.0,21.9,Sell,MINT,2025-11-11 16:00:44
ORD01374,FemboyLover,23800.0,21.1,Buy,MINT,2025-11-11 16:00:53
ORD01375,FemboyLover,23800.0,21.9,Sell,MINT,2025-11-11 16:00:53
ORD01376,FemboyLover,23800.0,21.1,Buy,MINT,2025-11-11 16:01:13
ORD01377,FemboyLover,23800.0,21.9,Sell,MINT,2025-11-11 16:01:34
ORD01378,FemboyLover,23800.0,21.1,Buy,MINT,2025-11-11 16:01:49
ORD01379,FemboyLover,23800.0,21.9,Sell,MINT,2025-11-11 16:03:03
ORD01380,FemboyLover,11600.0,43.25,Buy,GULF,2025-11-11 12:21:47
ORD01381,FemboyLover,11600.0,43.75,Sell,GULF,2025-11-11 12:21:47
ORD01382,FemboyLover,11600.0,43.25,Buy,GULF,2025-11-11 12:21:57
ORD01383,FemboyLover,11600.0,43.75,Sell,GULF,2025-11-11 12:22:01
ORD01384,FemboyLover,11600.0,43.25,Buy,GULF,2025-11-11 12:22:05
ORD01385,FemboyLover,23800.0,21.1,Buy,MINT,2025-11-11 16:08:34
ORD01386,FemboyLover,23800.0,21.9,Sell,MINT,2025-11-11 16:08:56
ORD01387,FemboyLover,11600.0,43.75,Sell,GULF,2025-11-11 12:22:49
ORD01388,FemboyLover,11600.0,43.25,Buy,GULF,2025-11-11 12:23:00
ORD01389,FemboyLover,23800.0,21.1,Buy,MINT,2025-11-11 16:11:17
ORD01390,FemboyLover,23800.0,21.9,Sell,MINT,2025-11-11 16:12:02
ORD01391,FemboyLover,11600.0,43.75,Sell,GULF,2025-11-11 12:24:17
ORD01392,FemboyLover,23800.0,21.1,Buy,MINT,2025-11-11 16:12:11
ORD01393,FemboyLover,11600.0,43.25,Buy,GULF,2025-11-11 12:24:17
ORD01394,FemboyLover,23800.0,21.9,Sell,MINT,2025-11-11 16:12:28
ORD01395,FemboyLover,23800.0,21.1,Buy,MINT,2025-11-11 16:12:29
ORD01396,FemboyLover,23800.0,21.9,Sell,MINT,2025-11-11 16:12:29
ORD01397,FemboyLover,11600.0,43.75,Sell,GULF,2025-11-11 12:25:16
ORD01398,FemboyLover,23800.0,21.1,Buy,MINT,2025-11-11 16:12:48
ORD01399,FemboyLover,11600.0,43.25,Buy,GULF,2025-11-11 12:25:22
ORD01400,FemboyLover,11600.0,43.75,Sell,GULF,2025-11-11 12:25:22
ORD01401,FemboyLover,11600.0,43.25,Buy,GULF,2025-11-11 12:25:35
ORD01402,FemboyLover,23800.0,21.9,Sell,MINT,2025-11-11 16:12:57
ORD01403,FemboyLover,23800.0,21.1,Buy,MINT,2025-11-11 16:13:04
ORD01404,FemboyLover,23800.0,21.9,Sell,MINT,2025-11-11 16:13:10
ORD01405,FemboyLover,23800.0,21.1,Buy,MINT,2025-11-11 16:13:19
ORD01406,FemboyLover,23800.0,21.9,Sell,MINT,2025-11-11 16:13:23
ORD01407,FemboyLover,23800.0,21.1,Buy,MINT,2025-11-11 16:13:35
ORD01408,FemboyLover,11600.0,43.75,Sell,GULF,2025-11-11 12:26:14
ORD01409,FemboyLover,23800.0,21.9,Sell,MINT,2025-11-11 16:13:53
ORD01410,FemboyLover,11600.0,43.25,Buy,GULF,2025-11-11 12:26:36
ORD01411,FemboyLover,23800.0,21.1,Buy,MINT,2025-11-11 16:13:53
ORD01412,FemboyLover,11600.0,43.75,Sell,GULF,2025-11-11 12:26:58
ORD01413,FemboyLover,23800.0,21.9,Sell,MINT,2025-11-11 16:14:21
ORD01414,FemboyLover,11600.0,43.25,Buy,GULF,2025-11-11 12:27:02
ORD01415,FemboyLover,23800.0,21.1,Buy,MINT,2025-11-11 16:14:29
ORD01416,FemboyLover,23800.0,21.9,Sell,MINT,2025-11-11 16:14:32
ORD01417,FemboyLover,23800.0,21.1,Buy,MINT,2025-11-11 16:14:44
ORD01418,FemboyLover,23800.0,21.9,Sell,MINT,2025-11-11 16:14:49
ORD01419,FemboyLover,23800.0,21.1,Buy,MINT,2025-11-11 16:14:59
ORD01420,FemboyLover,11600.0,43.75,Sell,GULF,2025-11-11 12:27:35
ORD01421,FemboyLover,11600.0,43.25,Buy,GULF,2025-11-11 12:27:37
ORD01422,FemboyLover,23800.0,21.9,Sell,MINT,2025-11-11 16:15:22
ORD01423,FemboyLover,23800.0,21.1,Buy,MINT,2025-11-11 16:15:34
ORD01424,FemboyLover,11600.0,43.75,Sell,GULF,2025-11-11 12:27:41
ORD01425,FemboyLover,23800.0,21.9,Sell,MINT,2025-11-11 16:15:55
ORD01426,FemboyLover,11600.0,43.25,Buy,GULF,2025-11-11 12:27:45
ORD01427,FemboyLover,23800.0,21.1,Buy,MINT,2025-11-11 16:16:03
ORD01428,FemboyLover,11600.0,43.75,Sell,GULF,2025-11-11 12:28:42
ORD01429,FemboyLover,11600.0,43.25,Buy,GULF,2025-11-11 12:28:47
ORD01430,FemboyLover,23800.0,21.9,Sell,MINT,2025-11-11 16:16:25
ORD01431,FemboyLover,11600.0,43.75,Sell,GULF,2025-11-11 12:29:09
ORD01432,FemboyLover,11600.0,43.25,Buy,GULF,2025-11-11 12:29:12
ORD01433,FemboyLover,23800.0,21.1,Buy,MINT,2025-11-11 16:16:39
ORD01434,FemboyLover,11600.0,43.75,Sell,GULF,2025-11-11 12:29:26
ORD01435,FemboyLover,23800.0,21.9,Sell,MINT,2025-11-11 16:17:00
ORD01436,FemboyLover,11600.0,43.25,Buy,GULF,2025-11-11 12:29:30
ORD01437,FemboyLover,23800.0,21.1,Buy,MINT,2025-11-11 16:17:13
ORD01438,FemboyLover,23800.0,21.9,Sell,MINT,2025-11-11 16:17:35
ORD01439,FemboyLover,11600.0,43.75,Sell,GULF,2025-11-11 12:29:36
ORD01440,FemboyLover,23800.0,21.1,Buy,MINT,2025-11-11 16:17:44
ORD01441,FemboyLover,11600.0,43.25,Buy,GULF,2025-11-11 12:29:51
ORD01442,FemboyLover,23800.0,21.9,Sell,MINT,2025-11-11 16:18:04
ORD01443,FemboyLover,23800.0,21.1,Buy,MINT,2025-11-11 16:18:20
ORD01444,FemboyLover,23800.0,21.9,Sell,MINT,2025-11-11 16:18:29
ORD01445,FemboyLover,11600.0,43.75,Sell,GULF,2025-11-11 13:56:06
ORD01446,FemboyLover,23800.0,21.1,Buy,MINT,2025-11-11 16:18:39
ORD01447,FemboyLover,23800.0,21.9,Sell,MINT,2025-11-11 16:18:54
ORD01448,FemboyLover,23800.0,21.1,Buy,MINT,2025-11-11 16:18:56
ORD01449,FemboyLover,11600.0,43.25,Buy,GULF,2025-11-11 13:56:53
ORD01450,FemboyLover,23800.0,21.9,Sell,MINT,2025-11-11 16:19:03
ORD01451,FemboyLover,23800.0,21.1,Buy,MINT,2025-11-11 16:19:14
ORD01452,FemboyLover,23800.0,21.9,Sell,MINT,2025-11-11 16:19:33
ORD01453,FemboyLover,11600.0,43.75,Sell,GULF,2025-11-11 13:57:38
ORD01454,FemboyLover,11600.0,43.25,Buy,GULF,2025-11-11 13:58:19
ORD01455,FemboyLover,23800.0,21.1,Buy,MINT,2025-11-11 16:19:47
ORD01456,FemboyLover,23800.0,21.9,Sell,MINT,2025-11-11 16:19:48
ORD01457,FemboyLover,11600.0,43.75,Sell,GULF,2025-11-11 13:58:43
ORD01458,FemboyLover,11600.0,43.25,Buy,GULF,2025-11-11 13:59:10
ORD01459,FemboyLover,11600.0,43.75,Sell,GULF,2025-11-11 13:59:10
ORD01460,FemboyLover,11600.0,43.25,Buy,GULF,2025-11-11 13:59:59
ORD01461,FemboyLover,11600.0,43.75,Sell,GULF,2025-11-11 14:00:05
ORD01462,FemboyLover,11600.0,43.25,Buy,GULF,2025-11-11 14:00:16
ORD01463,FemboyLover,11600.0,43.75,Sell,GULF,2025-11-11 14:01:30
ORD01464,FemboyLover,11600.0,43.25,Buy,GULF,2025-11-11 14:01:30
ORD01465,FemboyLover,11600.0,43.75,Sell,GULF,2025-11-11 14:02:02
ORD01466,FemboyLover,11600.0,43.25,Buy,GULF,2025-11-11 14:02:04
ORD01467,FemboyLover,11600.0,43.75,Sell,GULF,2025-11-11 14:02:22
ORD01468,FemboyLover,11600.0,43.25,Buy,GULF,2025-11-11 14:02:35
ORD01469,FemboyLover,11600.0,43.75,Sell,GULF,2025-11-11 14:03:13
ORD01470,FemboyLover,11600.0,43.25,Buy,GULF,2025-11-11 14:03:14
ORD01471,FemboyLover,11600.0,43.75,Sell,GULF,2025-11-11 14:03:25
ORD01472,FemboyLover,11600.0,43.25,Buy,GULF,2025-11-11 14:03:27
ORD01473,FemboyLover,11600.0,43.75,Sell,GULF,2025-11-11 14:04:15
ORD01474,FemboyLover,11600.0,43.25,Buy,GULF,2025-11-11 14:04:16
ORD01475,FemboyLover,25000.0,19.9,Sell,PTTGC,2025-11-11 16:25:06
ORD01476,FemboyLover,11600.0,43.75,Sell,GULF,2025-11-11 14:05:09
ORD01477,FemboyLover,11600.0,43.25,Buy,GULF,2025-11-11 14:05:32
ORD01478,FemboyLover,11600.0,43.75,Sell,GULF,2025-11-11 14:06:13
ORD01479,FemboyLover,11600.0,43.25,Buy,GULF,2025-11-11 14:06:30
ORD01480,FemboyLover,11600.0,43.75,Sell,GULF,2025-11-11 14:06:48
ORD01481,FemboyLover,11600.0,43.25,Buy,GULF,2025-11-11 14:06:57
ORD01482,FemboyLover,11600.0,43.75,Sell,GULF,2025-11-11 14:07:48
ORD01483,FemboyLover,11600.0,43.25,Buy,GULF,2025-11-11 14:07:49
ORD01484,FemboyLover,11600.0,43.75,Sell,GULF,2025-11-11 14:07:52
ORD01485,FemboyLover,11600.0,43.25,Buy,GULF,2025-11-11 14:07:53
ORD01486,FemboyLover,11600.0,43.75,Sell,GULF,2025-11-11 14:08:25
ORD01487,FemboyLover,11600.0,43.25,Buy,GULF,2025-11-11 14:08:37
ORD01488,FemboyLover,11600.0,43.75,Sell,GULF,2025-11-11 14:09:27
ORD01489,FemboyLover,11600.0,43.25,Buy,GULF,2025-11-11 14:09:39
ORD01490,FemboyLover,11600.0,43.75,Sell,GULF,2025-11-11 14:09:55
ORD01491,FemboyLover,11600.0,43.25,Buy,GULF,2025-11-11 14:09:59
ORD01492,FemboyLover,11600.0,43.75,Sell,GULF,2025-11-11 14:10:51
ORD01493,FemboyLover,11600.0,43.25,Buy,GULF,2025-11-11 14:11:10
ORD01494,FemboyLover,11600.0,43.75,Sell,GULF,2025-11-11 14:13:01
ORD01495,FemboyLover,11600.0,43.25,Buy,GULF,2025-11-11 14:13:10
ORD01496,FemboyLover,11600.0,43.75,Sell,GULF,2025-11-11 14:16:19
ORD01497,FemboyLover,11600.0,43.25,Buy,GULF,2025-11-11 14:16:25
ORD01498,FemboyLover,11600.0,43.75,Sell,GULF,2025-11-11 14:16:49
ORD01499,FemboyLover,11600.0,43.25,Buy,GULF,2025-11-11 14:16:55
ORD01500,FemboyLover,11600.0,43.75,Sell,GULF,2025-11-11 14:16:59
ORD01501,FemboyLover,11600.0,43.25,Buy,GULF,2025-11-11 14:17:11
ORD01502,FemboyLover,11600.0,43.75,Sell,GULF,2025-11-11 14:17:50
ORD01503,FemboyLover,11600.0,43.25,Buy,GULF,2025-11-11 14:17:51
ORD01504,FemboyLover,11600.0,43.75,Sell,GULF,2025-11-11 14:18:46
ORD01505,FemboyLover,11600.0,43.25,Buy,GULF,2025-11-11 14:18:58
ORD01506,FemboyLover,11600.0,43.75,Sell,GULF,2025-11-11 14:19:07
ORD01507,FemboyLover,11600.0,43.25,Buy,GULF,2025-11-11 14:19:36
ORD01508,FemboyLover,11600.0,43.75,Sell,GULF,2025-11-11 14:19:37
ORD01509,FemboyLover,11600.0,43.25,Buy,GULF,2025-11-11 14:19:38
ORD01510,FemboyLover,11600.0,43.75,Sell,GULF,2025-11-11 14:19:39
ORD01511,FemboyLover,11600.0,43.25,Buy,GULF,2025-11-11 14:19:42
ORD01512,FemboyLover,11600.0,43.75,Sell,GULF,2025-11-11 14:19:49
ORD01513,FemboyLover,11600.0,43.25,Buy,GULF,2025-11-11 14:19:50
ORD01514,FemboyLover,11600.0,43.75,Sell,GULF,2025-11-11 14:19:52
ORD01515,FemboyLover,11600.0,43.25,Buy,GULF,2025-11-11 14:19:58
ORD01516,FemboyLover,11600.0,43.75,Sell,GULF,2025-11-11 14:19:58
ORD01517,FemboyLover,11600.0,43.25,Buy,GULF,2025-11-11 14:20:09
ORD01518,FemboyLover,11600.0,43.75,Sell,GULF,2025-11-11 14:20:09
ORD01519,FemboyLover,11600.0,43.25,Buy,GULF,2025-11-11 14:20:41
ORD01520,FemboyLover,11600.0,43.75,Sell,GULF,2025-11-11 14:20:46
ORD01521,FemboyLover,11600.0,43.25,Buy,GULF,2025-11-11 14:20:47
ORD01522,FemboyLover,11600.0,43.75,Sell,GULF,2025-11-11 14:21:47
ORD01523,FemboyLover,11600.0,43.25,Buy,GULF,2025-11-11 14:21:47
ORD01524,FemboyLover,11600.0,43.75,Sell,GULF,2025-11-11 14:21:47
ORD01525,FemboyLover,11600.0,43.25,Buy,GULF,2025-11-11 14:21:59
ORD01526,FemboyLover,11600.0,43.75,Sell,GULF,2025-11-11 14:22:12
ORD01527,FemboyLover,11600.0,43.25,Buy,GULF,2025-11-11 14:22:35
ORD01528,FemboyLover,11600.0,43.75,Sell,GULF,2025-11-11 14:23:49
