Order Number,owner,Volume,Price,Side,Symbol,Timestamp
ORD00001,FemboyLover_Hybrid,22200.0,27.25,Buy,KTB,2025-11-11 10:01:25
ORD00002,FemboyLover_Hybrid,40000.0,15.1,Buy,OSP,2025-11-11 10:06:13
ORD00003,FemboyLover_Hybrid,22200.0,27.75,Sell,KTB,2025-11-11 10:04:11
ORD00004,FemboyLover_Hybrid,22200.0,27.25,Buy,KTB,2025-11-11 10:04:15
ORD00005,FemboyLover_Hybrid,40000.0,15.9,Sell,OSP,2025-11-11 10:06:14
ORD00006,FemboyLover_Hybrid,22200.0,27.75,Sell,KTB,2025-11-11 10:04:20
ORD00007,FemboyLover_Hybrid,22200.0,27.25,Buy,KTB,2025-11-11 10:04:24
ORD00008,FemboyLover_Hybrid,22200.0,27.75,Sell,KTB,2025-11-11 10:04:33
ORD00009,FemboyLover_Hybrid,22200.0,27.25,Buy,KTB,2025-11-11 10:04:58
ORD00010,FemboyLover_Hybrid,40000.0,15.1,Buy,OSP,2025-11-11 10:08:07
ORD00011,FemboyLover_Hybrid,22200.0,27.75,Sell,KTB,2025-11-11 10:05:20
ORD00012,FemboyLover_Hybrid,22200.0,27.25,Buy,KTB,2025-11-11 10:05:21
ORD00013,FemboyLover_Hybrid,22200.0,27.75,Sell,KTB,2025-11-11 10:06:56
ORD00014,FemboyLover_Hybrid,40000.0,15.9,Sell,OSP,2025-11-11 10:09:04
ORD00015,FemboyLover_Hybrid,22200.0,27.25,Buy,KTB,2025-11-11 10:06:58
ORD00016,FemboyLover_Hybrid,9600.0,52.25,Buy,CPN,2025-11-11 10:40:27
ORD00017,FemboyLover_Hybrid,9600.0,52.75,Sell,CPN,2025-11-11 10:44:17
ORD00018,FemboyLover_Hybrid,9600.0,52.25,Buy,CPN,2025-11-11 10:50:26
ORD00019,FemboyLover_Hybrid,40000.0,15.1,Buy,OSP,2025-11-11 10:11:09
ORD00020,FemboyLover_Hybrid,9600.0,52.75,Sell,CPN,2025-11-11 10:52:47
ORD00021,FemboyLover_Hybrid,9600.0,52.25,Buy,CPN,2025-11-11 10:53:18
ORD00022,FemboyLover_Hybrid,9600.0,52.75,Sell,CPN,2025-11-11 10:57:46
ORD00023,FemboyLover_Hybrid,9600.0,52.25,Buy,CPN,2025-11-11 10:57:46
ORD00024,FemboyLover_Hybrid,9600.0,52.75,Sell,CPN,2025-11-11 10:57:46
ORD00025,FemboyLover_Hybrid,9600.0,52.25,Buy,CPN,2025-11-11 10:57:47
ORD00026,FemboyLover_Hybrid,22200.0,27.75,Sell,KTB,2025-11-11 10:08:13
ORD00027,FemboyLover_Hybrid,40000.0,15.9,Sell,OSP,2025-11-11 10:11:32
ORD00028,FemboyLover_Hybrid,100000.0,5.05,Buy,BEM,2025-11-11 10:39:08
ORD00029,FemboyLover_Hybrid,100000.0,5.95,Sell,BEM,2025-11-11 10:39:08
ORD00030,FemboyLover_Hybrid,9600.0,52.75,Sell,CPN,2025-11-11 11:02:53
ORD00031,FemboyLover_Hybrid,9600.0,52.25,Buy,CPN,2025-11-11 11:04:41
ORD00032,FemboyLover_Hybrid,33300.0,15.1,Buy,OSP,2025-11-11 10:33:49
ORD00033,FemboyLover_Hybrid,9600.0,52.75,Sell,CPN,2025-11-11 11:04:59
ORD00034,FemboyLover_Hybrid,9600.0,52.25,Buy,CPN,2025-11-11 11:06:55
ORD00035,FemboyLover_Hybrid,9600.0,52.75,Sell,CPN,2025-11-11 11:06:56
ORD00036,FemboyLover_Hybrid,9600.0,52.25,Buy,CPN,2025-11-11 11:14:43
ORD00037,FemboyLover_Hybrid,9600.0,52.75,Sell,CPN,2025-11-11 11:14:46
ORD00038,FemboyLover_Hybrid,9600.0,52.25,Buy,CPN,2025-11-11 11:17:37
ORD00039,FemboyLover_Hybrid,9600.0,52.75,Sell,CPN,2025-11-11 11:18:48
ORD00040,FemboyLover_Hybrid,33300.0,15.9,Sell,OSP,2025-11-11 10:41:38
ORD00041,FemboyLover_Hybrid,9600.0,52.25,Buy,CPN,2025-11-11 11:23:56
ORD00042,FemboyLover_Hybrid,33300.0,15.1,Buy,OSP,2025-11-11 10:45:39
ORD00043,FemboyLover_Hybrid,9600.0,52.75,Sell,CPN,2025-11-11 11:23:56
ORD00044,FemboyLover_Hybrid,9600.0,52.25,Buy,CPN,2025-11-11 11:23:56
ORD00045,FemboyLover_Hybrid,100000.0,5.05,Buy,BEM,2025-11-11 10:56:07
ORD00046,FemboyLover_Hybrid,100000.0,5.95,Sell,BEM,2025-11-11 10:56:07
ORD00047,FemboyLover_Hybrid,100000.0,5.05,Buy,BEM,2025-11-11 10:56:07
ORD00048,FemboyLover_Hybrid,100000.0,5.95,Sell,BEM,2025-11-11 10:56:07
ORD00049,FemboyLover_Hybrid,9600.0,52.75,Sell,CPN,2025-11-11 11:24:55
ORD00050,FemboyLover_Hybrid,13500.0,37.25,Buy,GPSC,2025-11-11 10:44:14
ORD00051,FemboyLover_Hybrid,13500.0,37.75,Sell,GPSC,2025-11-11 10:44:31
ORD00052,FemboyLover_Hybrid,100000.0,5.05,Buy,BEM,2025-11-11 10:56:14
ORD00053,FemboyLover_Hybrid,15700.0,38.25,Buy,MTC,2025-11-11 10:29:55
ORD00054,FemboyLover_Hybrid,100000.0,5.95,Sell,BEM,2025-11-11 10:56:36
ORD00055,FemboyLover_Hybrid,100000.0,5.05,Buy,BEM,2025-11-11 10:56:44
ORD00056,FemboyLover_Hybrid,13500.0,37.25,Buy,GPSC,2025-11-11 10:45:33
ORD00057,FemboyLover_Hybrid,13500.0,37.75,Sell,GPSC,2025-11-11 10:46:40
ORD00058,FemboyLover_Hybrid,100000.0,5.95,Sell,BEM,2025-11-11 10:57:28
ORD00059,FemboyLover_Hybrid,15700.0,39.75,Sell,MTC,2025-11-11 10:29:56
ORD00060,FemboyLover_Hybrid,13500.0,37.25,Buy,GPSC,2025-11-11 10:52:05
ORD00061,FemboyLover_Hybrid,13500.0,37.75,Sell,GPSC,2025-11-11 10:53:23
ORD00062,FemboyLover_Hybrid,100000.0,5.05,Buy,BEM,2025-11-11 11:25:45
ORD00063,FemboyLover_Hybrid,100000.0,5.95,Sell,BEM,2025-11-11 11:27:31
ORD00064,FemboyLover_Hybrid,100000.0,5.05,Buy,BEM,2025-11-11 11:30:52
ORD00065,FemboyLover_Hybrid,100000.0,5.95,Sell,BEM,2025-11-11 11:32:02
ORD00066,FemboyLover_Hybrid,100000.0,5.05,Buy,BEM,2025-11-11 11:36:06
ORD00067,FemboyLover_Hybrid,100000.0,5.95,Sell,BEM,2025-11-11 11:36:06
ORD00068,FemboyLover_Hybrid,100000.0,5.05,Buy,BEM,2025-11-11 11:46:39
ORD00069,FemboyLover_Hybrid,100000.0,5.95,Sell,BEM,2025-11-11 11:47:39
ORD00070,FemboyLover_Hybrid,100000.0,5.05,Buy,BEM,2025-11-11 11:47:39
ORD00071,FemboyLover_Hybrid,100000.0,5.95,Sell,BEM,2025-11-11 11:47:39
ORD00072,FemboyLover_Hybrid,100000.0,5.05,Buy,BEM,2025-11-11 11:53:35
ORD00073,FemboyLover_Hybrid,100000.0,5.95,Sell,BEM,2025-11-11 11:58:15
ORD00074,FemboyLover_Hybrid,100000.0,5.05,Buy,BEM,2025-11-11 12:07:26
ORD00075,FemboyLover_Hybrid,100000.0,5.95,Sell,BEM,2025-11-11 12:09:55
ORD00076,FemboyLover_Hybrid,11100.0,45.25,Buy,CPALL,2025-11-11 10:34:22
ORD00077,FemboyLover_Hybrid,100000.0,5.05,Buy,BEM,2025-11-11 12:14:40
ORD00078,FemboyLover_Hybrid,100000.0,5.95,Sell,BEM,2025-11-11 12:14:41
ORD00079,FemboyLover_Hybrid,11100.0,45.75,Sell,CPALL,2025-11-11 10:34:22
ORD00080,FemboyLover_Hybrid,11100.0,45.25,Buy,CPALL,2025-11-11 10:34:23
ORD00081,FemboyLover_Hybrid,11100.0,45.75,Sell,CPALL,2025-11-11 10:34:40
ORD00082,FemboyLover_Hybrid,11100.0,45.25,Buy,CPALL,2025-11-11 10:35:34
ORD00083,FemboyLover_Hybrid,100000.0,5.05,Buy,BEM,2025-11-11 12:29:46
ORD00084,FemboyLover_Hybrid,11100.0,45.75,Sell,CPALL,2025-11-11 10:35:34
ORD00085,FemboyLover_Hybrid,100000.0,5.95,Sell,BEM,2025-11-11 12:29:56
ORD00086,FemboyLover_Hybrid,100000.0,5.05,Buy,BEM,2025-11-11 13:56:06
ORD00087,FemboyLover_Hybrid,100000.0,5.95,Sell,BEM,2025-11-11 13:56:06
ORD00088,FemboyLover_Hybrid,11100.0,45.25,Buy,CPALL,2025-11-11 10:36:30
ORD00089,FemboyLover_Hybrid,11100.0,45.75,Sell,CPALL,2025-11-11 10:37:57
ORD00090,FemboyLover_Hybrid,100000.0,5.05,Buy,BEM,2025-11-11 13:58:41
ORD00091,FemboyLover_Hybrid,100000.0,5.95,Sell,BEM,2025-11-11 14:00:10
ORD00092,FemboyLover_Hybrid,11100.0,45.25,Buy,CPALL,2025-11-11 10:40:38
ORD00093,FemboyLover_Hybrid,100000.0,5.05,Buy,BEM,2025-11-11 14:01:33
ORD00094,FemboyLover_Hybrid,11100.0,45.75,Sell,CPALL,2025-11-11 10:40:52
ORD00095,FemboyLover_Hybrid,100000.0,5.95,Sell,BEM,2025-11-11 14:01:59
ORD00096,FemboyLover_Hybrid,11100.0,45.25,Buy,CPALL,2025-11-11 10:41:18
ORD00097,FemboyLover_Hybrid,11100.0,45.75,Sell,CPALL,2025-11-11 10:41:43
ORD00098,FemboyLover_Hybrid,11100.0,45.25,Buy,CPALL,2025-11-11 10:41:56
ORD00099,FemboyLover_Hybrid,11100.0,45.75,Sell,CPALL,2025-11-11 10:42:12
ORD00100,FemboyLover_Hybrid,11100.0,45.25,Buy,CPALL,2025-11-11 10:44:02
ORD00101,FemboyLover_Hybrid,11100.0,45.75,Sell,CPALL,2025-11-11 10:44:16
ORD00102,FemboyLover_Hybrid,11100.0,45.25,Buy,CPALL,2025-11-11 10:44:16
ORD00103,FemboyLover_Hybrid,100000.0,5.05,Buy,BEM,2025-11-11 14:10:27
ORD00104,FemboyLover_Hybrid,11100.0,45.75,Sell,CPALL,2025-11-11 10:44:17
ORD00105,FemboyLover_Hybrid,11100.0,45.25,Buy,CPALL,2025-11-11 10:44:17
ORD00106,FemboyLover_Hybrid,100000.0,5.95,Sell,BEM,2025-11-11 14:10:27
ORD00107,FemboyLover_Hybrid,11100.0,45.75,Sell,CPALL,2025-11-11 10:44:18
ORD00108,FemboyLover_Hybrid,11100.0,45.25,Buy,CPALL,2025-11-11 10:44:19
ORD00109,FemboyLover_Hybrid,11100.0,45.75,Sell,CPALL,2025-11-11 10:44:20
ORD00110,FemboyLover_Hybrid,11100.0,45.25,Buy,CPALL,2025-11-11 10:44:59
ORD00111,FemboyLover_Hybrid,11100.0,45.75,Sell,CPALL,2025-11-11 10:44:59
ORD00112,FemboyLover_Hybrid,100000.0,5.05,Buy,BEM,2025-11-11 14:13:34
ORD00113,FemboyLover_Hybrid,100000.0,5.95,Sell,BEM,2025-11-11 14:13:34
ORD00114,FemboyLover_Hybrid,11100.0,45.25,Buy,CPALL,2025-11-11 10:45:21
ORD00115,FemboyLover_Hybrid,11100.0,45.75,Sell,CPALL,2025-11-11 10:45:38
ORD00116,FemboyLover_Hybrid,11100.0,45.25,Buy,CPALL,2025-11-11 10:46:16
ORD00117,FemboyLover_Hybrid,11100.0,45.75,Sell,CPALL,2025-11-11 10:46:16
ORD00118,FemboyLover_Hybrid,13500.0,37.25,Buy,GPSC,2025-11-11 12:19:48
ORD00119,FemboyLover_Hybrid,11100.0,45.25,Buy,CPALL,2025-11-11 10:46:26
ORD00120,FemboyLover_Hybrid,11100.0,45.75,Sell,CPALL,2025-11-11 10:46:31
ORD00121,FemboyLover_Hybrid,13500.0,37.75,Sell,GPSC,2025-11-11 12:21:10
ORD00122,FemboyLover_Hybrid,11100.0,45.25,Buy,CPALL,2025-11-11 10:46:35
ORD00123,FemboyLover_Hybrid,11100.0,45.75,Sell,CPALL,2025-11-11 10:46:35
ORD00124,FemboyLover_Hybrid,13800.0,36.25,Buy,TOP,2025-11-11 10:30:03
ORD00125,FemboyLover_Hybrid,11100.0,45.25,Buy,CPALL,2025-11-11 10:47:28
ORD00126,FemboyLover_Hybrid,11100.0,45.75,Sell,CPALL,2025-11-11 10:48:05
ORD00127,FemboyLover_Hybrid,11100.0,45.25,Buy,CPALL,2025-11-11 10:48:19
ORD00128,FemboyLover_Hybrid,11100.0,45.75,Sell,CPALL,2025-11-11 10:48:22
ORD00129,FemboyLover_Hybrid,11100.0,45.25,Buy,CPALL,2025-11-11 10:49:05
ORD00130,FemboyLover_Hybrid,11100.0,45.75,Sell,CPALL,2025-11-11 10:49:05
ORD00131,FemboyLover_Hybrid,11100.0,45.25,Buy,CPALL,2025-11-11 10:49:16
ORD00132,FemboyLover_Hybrid,11100.0,45.75,Sell,CPALL,2025-11-11 10:49:16
ORD00133,FemboyLover_Hybrid,11100.0,45.25,Buy,CPALL,2025-11-11 10:49:16
ORD00134,FemboyLover_Hybrid,11100.0,45.75,Sell,CPALL,2025-11-11 10:49:17
ORD00135,FemboyLover_Hybrid,11100.0,45.25,Buy,CPALL,2025-11-11 10:49:26
ORD00136,FemboyLover_Hybrid,11100.0,45.75,Sell,CPALL,2025-11-11 10:49:40
ORD00137,FemboyLover_Hybrid,11100.0,45.25,Buy,CPALL,2025-11-11 10:50:27
ORD00138,FemboyLover_Hybrid,11100.0,45.75,Sell,CPALL,2025-11-11 10:50:27
ORD00139,FemboyLover_Hybrid,13800.0,36.75,Sell,TOP,2025-11-11 10:38:31
ORD00140,FemboyLover_Hybrid,13800.0,36.25,Buy,TOP,2025-11-11 10:38:38
ORD00141,FemboyLover_Hybrid,11100.0,45.25,Buy,CPALL,2025-11-11 10:51:24
ORD00142,FemboyLover_Hybrid,13800.0,36.75,Sell,TOP,2025-11-11 10:39:32
ORD00143,FemboyLover_Hybrid,11100.0,45.75,Sell,CPALL,2025-11-11 10:51:25
ORD00144,FemboyLover_Hybrid,13800.0,36.25,Buy,TOP,2025-11-11 10:39:56
ORD00145,FemboyLover_Hybrid,13800.0,36.75,Sell,TOP,2025-11-11 10:40:21
ORD00146,FemboyLover_Hybrid,13800.0,36.25,Buy,TOP,2025-11-11 10:40:29
ORD00147,FemboyLover_Hybrid,13800.0,36.75,Sell,TOP,2025-11-11 10:40:30
ORD00148,FemboyLover_Hybrid,13800.0,36.25,Buy,TOP,2025-11-11 10:40:36
ORD00149,FemboyLover_Hybrid,11100.0,45.25,Buy,CPALL,2025-11-11 10:51:57
ORD00150,FemboyLover_Hybrid,11100.0,45.75,Sell,CPALL,2025-11-11 10:52:12
ORD00151,FemboyLover_Hybrid,11100.0,45.25,Buy,CPALL,2025-11-11 10:52:35
ORD00152,FemboyLover_Hybrid,13500.0,37.25,Buy,GPSC,2025-11-11 12:29:49
ORD00153,FemboyLover_Hybrid,13500.0,37.75,Sell,GPSC,2025-11-11 12:29:57
ORD00154,FemboyLover_Hybrid,11100.0,45.75,Sell,CPALL,2025-11-11 10:52:47
ORD00155,FemboyLover_Hybrid,11100.0,45.25,Buy,CPALL,2025-11-11 10:53:11
ORD00156,FemboyLover_Hybrid,11100.0,45.75,Sell,CPALL,2025-11-11 10:53:28
ORD00157,FemboyLover_Hybrid,13800.0,36.75,Sell,TOP,2025-11-11 10:45:04
ORD00158,FemboyLover_Hybrid,11100.0,45.25,Buy,CPALL,2025-11-11 10:54:02
ORD00159,FemboyLover_Hybrid,13800.0,36.25,Buy,TOP,2025-11-11 10:45:14
ORD00160,FemboyLover_Hybrid,11100.0,45.75,Sell,CPALL,2025-11-11 10:54:05
ORD00161,FemboyLover_Hybrid,11100.0,45.25,Buy,CPALL,2025-11-11 10:54:06
ORD00162,FemboyLover_Hybrid,11100.0,45.75,Sell,CPALL,2025-11-11 10:54:28
ORD00163,FemboyLover_Hybrid,11100.0,45.25,Buy,CPALL,2025-11-11 10:55:13
ORD00164,FemboyLover_Hybrid,13500.0,37.25,Buy,GPSC,2025-11-11 14:00:27
ORD00165,FemboyLover_Hybrid,11100.0,45.75,Sell,CPALL,2025-11-11 10:55:41
ORD00166,FemboyLover_Hybrid,13500.0,37.75,Sell,GPSC,2025-11-11 14:02:28
ORD00167,FemboyLover_Hybrid,11100.0,45.25,Buy,CPALL,2025-11-11 10:56:36
ORD00168,FemboyLover_Hybrid,13800.0,36.75,Sell,TOP,2025-11-11 10:50:31
ORD00169,FemboyLover_Hybrid,13800.0,36.25,Buy,TOP,2025-11-11 10:50:48
ORD00170,FemboyLover_Hybrid,13800.0,36.75,Sell,TOP,2025-11-11 10:50:58
ORD00171,FemboyLover_Hybrid,13800.0,36.25,Buy,TOP,2025-11-11 10:51:15
ORD00172,FemboyLover_Hybrid,11100.0,45.75,Sell,CPALL,2025-11-11 10:57:06
ORD00173,FemboyLover_Hybrid,11100.0,45.25,Buy,CPALL,2025-11-11 10:57:16
ORD00174,FemboyLover_Hybrid,13800.0,36.75,Sell,TOP,2025-11-11 10:51:45
ORD00175,FemboyLover_Hybrid,13800.0,36.25,Buy,TOP,2025-11-11 10:52:01
ORD00176,FemboyLover_Hybrid,33300.0,15.9,Sell,OSP,2025-11-11 14:12:01
ORD00177,FemboyLover_Hybrid,11100.0,45.75,Sell,CPALL,2025-11-11 10:57:31
ORD00178,FemboyLover_Hybrid,13800.0,36.75,Sell,TOP,2025-11-11 10:54:20
ORD00179,FemboyLover_Hybrid,13800.0,36.25,Buy,TOP,2025-11-11 10:55:16
ORD00180,FemboyLover_Hybrid,13500.0,37.25,Buy,GPSC,2025-11-11 14:13:23
ORD00181,FemboyLover_Hybrid,13500.0,37.75,Sell,GPSC,2025-11-11 14:14:03
ORD00182,FemboyLover_Hybrid,13800.0,36.75,Sell,TOP,2025-11-11 10:55:49
ORD00183,FemboyLover_Hybrid,13800.0,36.25,Buy,TOP,2025-11-11 10:57:25
ORD00184,FemboyLover_Hybrid,13800.0,36.75,Sell,TOP,2025-11-11 10:57:42
ORD00185,FemboyLover_Hybrid,13800.0,36.25,Buy,TOP,2025-11-11 10:57:56
ORD00186,FemboyLover_Hybrid,13800.0,36.75,Sell,TOP,2025-11-11 10:58:42
ORD00187,FemboyLover_Hybrid,13800.0,36.25,Buy,TOP,2025-11-11 10:58:43
ORD00188,FemboyLover_Hybrid,13800.0,36.75,Sell,TOP,2025-11-11 10:59:43
ORD00189,FemboyLover_Hybrid,13800.0,36.25,Buy,TOP,2025-11-11 11:01:15
ORD00190,FemboyLover_Hybrid,13800.0,36.75,Sell,TOP,2025-11-11 11:02:33
ORD00191,FemboyLover_Hybrid,13800.0,36.25,Buy,TOP,2025-11-11 11:03:21
ORD00192,FemboyLover_Hybrid,13800.0,36.75,Sell,TOP,2025-11-11 11:06:32
ORD00193,FemboyLover_Hybrid,13800.0,36.25,Buy,TOP,2025-11-11 11:06:45
ORD00194,FemboyLover_Hybrid,13800.0,36.75,Sell,TOP,2025-11-11 11:09:31
ORD00195,FemboyLover_Hybrid,13800.0,36.25,Buy,TOP,2025-11-11 11:09:33
ORD00196,FemboyLover_Hybrid,13800.0,36.75,Sell,TOP,2025-11-11 11:12:13
ORD00197,FemboyLover_Hybrid,13800.0,36.25,Buy,TOP,2025-11-11 11:13:35
ORD00198,FemboyLover_Hybrid,13800.0,36.75,Sell,TOP,2025-11-11 11:14:17
ORD00199,FemboyLover_Hybrid,13800.0,36.25,Buy,TOP,2025-11-11 11:15:10
ORD00200,FemboyLover_Hybrid,13800.0,36.75,Sell,TOP,2025-11-11 11:15:49
ORD00201,FemboyLover_Hybrid,13800.0,36.25,Buy,TOP,2025-11-11 11:16:04
ORD00202,FemboyLover_Hybrid,13800.0,36.75,Sell,TOP,2025-11-11 11:18:08
ORD00203,FemboyLover_Hybrid,13800.0,36.25,Buy,TOP,2025-11-11 11:21:06
ORD00204,FemboyLover_Hybrid,13800.0,36.75,Sell,TOP,2025-11-11 11:21:14
ORD00205,FemboyLover_Hybrid,13800.0,36.25,Buy,TOP,2025-11-11 11:21:19
ORD00206,FemboyLover_Hybrid,13800.0,36.75,Sell,TOP,2025-11-11 11:21:35
ORD00207,FemboyLover_Hybrid,13800.0,36.25,Buy,TOP,2025-11-11 11:21:38
ORD00208,FemboyLover_Hybrid,13800.0,36.75,Sell,TOP,2025-11-11 11:22:12
ORD00209,FemboyLover_Hybrid,13800.0,36.25,Buy,TOP,2025-11-11 11:22:41
ORD00210,FemboyLover_Hybrid,11100.0,45.25,Buy,CPALL,2025-11-11 10:57:46
ORD00211,FemboyLover_Hybrid,13800.0,36.75,Sell,TOP,2025-11-11 11:24:20
ORD00212,FemboyLover_Hybrid,13800.0,36.25,Buy,TOP,2025-11-11 11:24:30
ORD00213,FemboyLover_Hybrid,13800.0,36.75,Sell,TOP,2025-11-11 11:26:23
ORD00214,FemboyLover_Hybrid,11100.0,45.75,Sell,CPALL,2025-11-11 10:57:46
ORD00215,FemboyLover_Hybrid,11100.0,45.25,Buy,CPALL,2025-11-11 10:57:46
ORD00216,FemboyLover_Hybrid,13800.0,36.25,Buy,TOP,2025-11-11 11:26:51
ORD00217,FemboyLover_Hybrid,13800.0,36.75,Sell,TOP,2025-11-11 11:28:15
ORD00218,FemboyLover_Hybrid,13800.0,36.25,Buy,TOP,2025-11-11 11:28:36
ORD00219,FemboyLover_Hybrid,11100.0,45.75,Sell,CPALL,2025-11-11 10:57:46
ORD00220,FemboyLover_Hybrid,11100.0,45.25,Buy,CPALL,2025-11-11 10:57:46
ORD00221,FemboyLover_Hybrid,11100.0,45.75,Sell,CPALL,2025-11-11 10:57:46
ORD00222,FemboyLover_Hybrid,11100.0,45.25,Buy,CPALL,2025-11-11 10:57:46
ORD00223,FemboyLover_Hybrid,11100.0,45.75,Sell,CPALL,2025-11-11 10:57:46
ORD00224,FemboyLover_Hybrid,11100.0,45.25,Buy,CPALL,2025-11-11 10:57:47
ORD00225,FemboyLover_Hybrid,11100.0,45.75,Sell,CPALL,2025-11-11 10:58:01
ORD00226,FemboyLover_Hybrid,11100.0,45.25,Buy,CPALL,2025-11-11 10:58:16
ORD00227,FemboyLover_Hybrid,13800.0,36.75,Sell,TOP,2025-11-11 11:29:19
ORD00228,FemboyLover_Hybrid,13800.0,36.25,Buy,TOP,2025-11-11 11:29:35
ORD00229,FemboyLover_Hybrid,11100.0,45.75,Sell,CPALL,2025-11-11 10:58:16
ORD00230,FemboyLover_Hybrid,11100.0,45.25,Buy,CPALL,2025-11-11 10:58:16
ORD00231,FemboyLover_Hybrid,11100.0,45.75,Sell,CPALL,2025-11-11 10:58:33
ORD00232,FemboyLover_Hybrid,13800.0,36.75,Sell,TOP,2025-11-11 11:32:23
ORD00233,FemboyLover_Hybrid,13800.0,36.25,Buy,TOP,2025-11-11 11:32:52
ORD00234,FemboyLover_Hybrid,11100.0,45.25,Buy,CPALL,2025-11-11 10:58:34
ORD00235,FemboyLover_Hybrid,11100.0,45.75,Sell,CPALL,2025-11-11 10:58:41
ORD00236,FemboyLover_Hybrid,13800.0,36.75,Sell,TOP,2025-11-11 11:36:20
ORD00237,FemboyLover_Hybrid,13800.0,36.25,Buy,TOP,2025-11-11 11:37:57
ORD00238,FemboyLover_Hybrid,13800.0,36.75,Sell,TOP,2025-11-11 11:38:59
ORD00239,FemboyLover_Hybrid,11100.0,45.25,Buy,CPALL,2025-11-11 11:01:16
ORD00240,FemboyLover_Hybrid,13800.0,36.25,Buy,TOP,2025-11-11 11:40:14
ORD00241,FemboyLover_Hybrid,11100.0,45.75,Sell,CPALL,2025-11-11 11:01:18
ORD00242,FemboyLover_Hybrid,13800.0,36.75,Sell,TOP,2025-11-11 11:40:15
ORD00243,FemboyLover_Hybrid,11100.0,45.25,Buy,CPALL,2025-11-11 11:01:19
ORD00244,FemboyLover_Hybrid,13800.0,36.25,Buy,TOP,2025-11-11 11:40:15
ORD00245,FemboyLover_Hybrid,11100.0,45.75,Sell,CPALL,2025-11-11 11:01:19
ORD00246,FemboyLover_Hybrid,11100.0,45.25,Buy,CPALL,2025-11-11 11:01:20
ORD00247,FemboyLover_Hybrid,11100.0,45.75,Sell,CPALL,2025-11-11 11:01:30
ORD00248,FemboyLover_Hybrid,11100.0,45.25,Buy,CPALL,2025-11-11 11:01:36
ORD00249,FemboyLover_Hybrid,13800.0,36.75,Sell,TOP,2025-11-11 11:44:17
ORD00250,FemboyLover_Hybrid,13800.0,36.25,Buy,TOP,2025-11-11 11:46:16
ORD00251,FemboyLover_Hybrid,11100.0,45.75,Sell,CPALL,2025-11-11 11:04:12
ORD00252,FemboyLover_Hybrid,11100.0,45.25,Buy,CPALL,2025-11-11 11:04:38
ORD00253,FemboyLover_Hybrid,13800.0,36.75,Sell,TOP,2025-11-11 11:48:20
ORD00254,FemboyLover_Hybrid,11100.0,45.75,Sell,CPALL,2025-11-11 11:05:39
ORD00255,FemboyLover_Hybrid,13800.0,36.25,Buy,TOP,2025-11-11 11:49:01
ORD00256,FemboyLover_Hybrid,13800.0,36.75,Sell,TOP,2025-11-11 11:49:01
ORD00257,FemboyLover_Hybrid,13800.0,36.25,Buy,TOP,2025-11-11 11:50:03
ORD00258,FemboyLover_Hybrid,11100.0,45.25,Buy,CPALL,2025-11-11 11:07:34
ORD00259,FemboyLover_Hybrid,11100.0,45.75,Sell,CPALL,2025-11-11 11:07:59
ORD00260,FemboyLover_Hybrid,13800.0,36.75,Sell,TOP,2025-11-11 11:50:05
ORD00261,FemboyLover_Hybrid,13800.0,36.25,Buy,TOP,2025-11-11 11:50:15
ORD00262,FemboyLover_Hybrid,11100.0,45.25,Buy,CPALL,2025-11-11 11:09:01
ORD00263,FemboyLover_Hybrid,11100.0,45.75,Sell,CPALL,2025-11-11 11:09:50
ORD00264,FemboyLover_Hybrid,11100.0,45.25,Buy,CPALL,2025-11-11 11:10:30
ORD00265,FemboyLover_Hybrid,11100.0,45.75,Sell,CPALL,2025-11-11 11:11:02
ORD00266,FemboyLover_Hybrid,13800.0,36.75,Sell,TOP,2025-11-11 11:51:12
ORD00267,FemboyLover_Hybrid,11100.0,45.25,Buy,CPALL,2025-11-11 11:11:45
ORD00268,FemboyLover_Hybrid,13800.0,36.25,Buy,TOP,2025-11-11 11:51:18
ORD00269,FemboyLover_Hybrid,11100.0,45.75,Sell,CPALL,2025-11-11 11:12:02
ORD00270,FemboyLover_Hybrid,11100.0,45.25,Buy,CPALL,2025-11-11 11:12:56
ORD00271,FemboyLover_Hybrid,11100.0,45.75,Sell,CPALL,2025-11-11 11:13:01
ORD00272,FemboyLover_Hybrid,11100.0,45.25,Buy,CPALL,2025-11-11 11:13:11
ORD00273,FemboyLover_Hybrid,11100.0,45.75,Sell,CPALL,2025-11-11 11:13:41
ORD00274,FemboyLover_Hybrid,11100.0,45.25,Buy,CPALL,2025-11-11 11:13:43
ORD00275,FemboyLover_Hybrid,13800.0,36.75,Sell,TOP,2025-11-11 11:53:18
ORD00276,FemboyLover_Hybrid,11100.0,45.75,Sell,CPALL,2025-11-11 11:14:03
ORD00277,FemboyLover_Hybrid,11100.0,45.25,Buy,CPALL,2025-11-11 11:14:15
ORD00278,FemboyLover_Hybrid,13800.0,36.25,Buy,TOP,2025-11-11 11:53:22
ORD00279,FemboyLover_Hybrid,11100.0,45.75,Sell,CPALL,2025-11-11 11:14:27
ORD00280,FemboyLover_Hybrid,13800.0,36.75,Sell,TOP,2025-11-11 11:54:41
ORD00281,FemboyLover_Hybrid,11100.0,45.25,Buy,CPALL,2025-11-11 11:14:37
ORD00282,FemboyLover_Hybrid,11100.0,45.75,Sell,CPALL,2025-11-11 11:15:10
ORD00283,FemboyLover_Hybrid,13800.0,36.25,Buy,TOP,2025-11-11 11:55:16
ORD00284,FemboyLover_Hybrid,13800.0,36.75,Sell,TOP,2025-11-11 11:56:20
ORD00285,FemboyLover_Hybrid,13800.0,36.25,Buy,TOP,2025-11-11 11:56:37
ORD00286,FemboyLover_Hybrid,11100.0,45.25,Buy,CPALL,2025-11-11 11:16:27
ORD00287,FemboyLover_Hybrid,11100.0,45.75,Sell,CPALL,2025-11-11 11:16:27
ORD00288,FemboyLover_Hybrid,11600.0,43.25,Buy,GULF,2025-11-11 10:33:13
ORD00289,FemboyLover_Hybrid,13800.0,36.75,Sell,TOP,2025-11-11 11:56:40
ORD00290,FemboyLover_Hybrid,13800.0,36.25,Buy,TOP,2025-11-11 11:56:40
ORD00291,FemboyLover_Hybrid,100000.0,5.05,Buy,CCET,2025-11-11 13:57:31
ORD00292,FemboyLover_Hybrid,11600.0,43.75,Sell,GULF,2025-11-11 10:33:13
ORD00293,FemboyLover_Hybrid,13800.0,36.75,Sell,TOP,2025-11-11 11:57:32
ORD00294,FemboyLover_Hybrid,11600.0,43.25,Buy,GULF,2025-11-11 10:33:13
ORD00295,FemboyLover_Hybrid,13800.0,36.25,Buy,TOP,2025-11-11 11:59:06
ORD00296,FemboyLover_Hybrid,100000.0,5.95,Sell,CCET,2025-11-11 13:57:31
ORD00297,FemboyLover_Hybrid,100000.0,5.05,Buy,CCET,2025-11-11 13:57:31
ORD00298,FemboyLover_Hybrid,100000.0,5.95,Sell,CCET,2025-11-11 13:57:31
ORD00299,FemboyLover_Hybrid,11600.0,43.75,Sell,GULF,2025-11-11 10:33:13
ORD00300,FemboyLover_Hybrid,11600.0,43.25,Buy,GULF,2025-11-11 10:33:13
ORD00301,FemboyLover_Hybrid,11600.0,43.75,Sell,GULF,2025-11-11 10:33:13
ORD00302,FemboyLover_Hybrid,11600.0,43.25,Buy,GULF,2025-11-11 10:33:13
ORD00303,FemboyLover_Hybrid,11600.0,43.75,Sell,GULF,2025-11-11 10:33:13
ORD00304,FemboyLover_Hybrid,11600.0,43.25,Buy,GULF,2025-11-11 10:33:13
ORD00305,FemboyLover_Hybrid,11600.0,43.75,Sell,GULF,2025-11-11 10:33:13
ORD00306,FemboyLover_Hybrid,13800.0,36.75,Sell,TOP,2025-11-11 12:02:10
ORD00307,FemboyLover_Hybrid,13800.0,36.25,Buy,TOP,2025-11-11 12:03:18
ORD00308,FemboyLover_Hybrid,13800.0,36.75,Sell,TOP,2025-11-11 12:05:59
ORD00309,FemboyLover_Hybrid,13800.0,36.25,Buy,TOP,2025-11-11 12:06:00
ORD00310,FemboyLover_Hybrid,13800.0,36.75,Sell,TOP,2025-11-11 12:07:01
ORD00311,FemboyLover_Hybrid,13800.0,36.25,Buy,TOP,2025-11-11 12:07:02
ORD00312,FemboyLover_Hybrid,11600.0,43.25,Buy,GULF,2025-11-11 10:33:14
ORD00313,FemboyLover_Hybrid,13800.0,36.75,Sell,TOP,2025-11-11 12:08:25
ORD00314,FemboyLover_Hybrid,13800.0,36.25,Buy,TOP,2025-11-11 12:08:25
ORD00315,FemboyLover_Hybrid,13800.0,36.75,Sell,TOP,2025-11-11 12:09:11
ORD00316,FemboyLover_Hybrid,13800.0,36.25,Buy,TOP,2025-11-11 12:09:11
ORD00317,FemboyLover_Hybrid,13800.0,36.75,Sell,TOP,2025-11-11 12:09:11
ORD00318,FemboyLover_Hybrid,11600.0,43.75,Sell,GULF,2025-11-11 10:33:15
ORD00319,FemboyLover_Hybrid,11600.0,43.25,Buy,GULF,2025-11-11 10:33:19
ORD00320,FemboyLover_Hybrid,13800.0,36.25,Buy,TOP,2025-11-11 12:09:17
ORD00321,FemboyLover_Hybrid,11600.0,43.75,Sell,GULF,2025-11-11 10:33:29
ORD00322,FemboyLover_Hybrid,11600.0,43.25,Buy,GULF,2025-11-11 10:33:30
ORD00323,FemboyLover_Hybrid,13800.0,36.75,Sell,TOP,2025-11-11 12:09:53
ORD00324,FemboyLover_Hybrid,13800.0,36.25,Buy,TOP,2025-11-11 12:09:56
ORD00325,FemboyLover_Hybrid,11600.0,43.75,Sell,GULF,2025-11-11 10:33:41
ORD00326,FemboyLover_Hybrid,11600.0,43.25,Buy,GULF,2025-11-11 10:33:44
ORD00327,FemboyLover_Hybrid,11600.0,43.75,Sell,GULF,2025-11-11 10:33:54
ORD00328,FemboyLover_Hybrid,11600.0,43.25,Buy,GULF,2025-11-11 10:33:57
ORD00329,FemboyLover_Hybrid,13800.0,36.75,Sell,TOP,2025-11-11 12:10:54
ORD00330,FemboyLover_Hybrid,13800.0,36.25,Buy,TOP,2025-11-11 12:11:00
ORD00331,FemboyLover_Hybrid,11600.0,43.75,Sell,GULF,2025-11-11 10:34:02
ORD00332,FemboyLover_Hybrid,11600.0,43.25,Buy,GULF,2025-11-11 10:34:02
ORD00333,FemboyLover_Hybrid,13800.0,36.75,Sell,TOP,2025-11-11 12:11:30
ORD00334,FemboyLover_Hybrid,11600.0,43.75,Sell,GULF,2025-11-11 10:34:02
ORD00335,FemboyLover_Hybrid,13800.0,36.25,Buy,TOP,2025-11-11 12:11:38
ORD00336,FemboyLover_Hybrid,13800.0,36.75,Sell,TOP,2025-11-11 12:13:24
ORD00337,FemboyLover_Hybrid,11600.0,43.25,Buy,GULF,2025-11-11 10:34:03
ORD00338,FemboyLover_Hybrid,13800.0,36.25,Buy,TOP,2025-11-11 12:13:42
ORD00339,FemboyLover_Hybrid,13800.0,36.75,Sell,TOP,2025-11-11 12:13:42
ORD00340,FemboyLover_Hybrid,12500.0,40.25,Buy,CBG,2025-11-11 12:26:29
ORD00341,FemboyLover_Hybrid,13800.0,36.25,Buy,TOP,2025-11-11 12:14:10
ORD00342,FemboyLover_Hybrid,13800.0,36.75,Sell,TOP,2025-11-11 12:14:10
ORD00343,FemboyLover_Hybrid,13800.0,36.25,Buy,TOP,2025-11-11 12:14:10
ORD00344,FemboyLover_Hybrid,11600.0,43.75,Sell,GULF,2025-11-11 10:34:20
ORD00345,FemboyLover_Hybrid,11600.0,43.25,Buy,GULF,2025-11-11 10:34:22
ORD00346,FemboyLover_Hybrid,11600.0,43.75,Sell,GULF,2025-11-11 10:34:40
ORD00347,FemboyLover_Hybrid,11600.0,43.25,Buy,GULF,2025-11-11 10:34:43
ORD00348,FemboyLover_Hybrid,11600.0,43.75,Sell,GULF,2025-11-11 10:34:47
ORD00349,FemboyLover_Hybrid,11600.0,43.25,Buy,GULF,2025-11-11 10:34:48
ORD00350,FemboyLover_Hybrid,11600.0,43.75,Sell,GULF,2025-11-11 10:35:07
ORD00351,FemboyLover_Hybrid,11600.0,43.25,Buy,GULF,2025-11-11 10:35:07
ORD00352,FemboyLover_Hybrid,11600.0,43.75,Sell,GULF,2025-11-11 10:35:07
ORD00353,FemboyLover_Hybrid,11600.0,43.25,Buy,GULF,2025-11-11 10:35:09
ORD00354,FemboyLover_Hybrid,11600.0,43.75,Sell,GULF,2025-11-11 10:35:12
ORD00355,FemboyLover_Hybrid,11600.0,43.25,Buy,GULF,2025-11-11 10:35:13
ORD00356,FemboyLover_Hybrid,11100.0,45.25,Buy,CPALL,2025-11-11 11:34:36
ORD00357,FemboyLover_Hybrid,11100.0,45.75,Sell,CPALL,2025-11-11 11:34:52
ORD00358,FemboyLover_Hybrid,11600.0,43.75,Sell,GULF,2025-11-11 10:36:01
ORD00359,FemboyLover_Hybrid,11600.0,43.25,Buy,GULF,2025-11-11 10:36:10
ORD00360,FemboyLover_Hybrid,11600.0,43.75,Sell,GULF,2025-11-11 10:36:17
ORD00361,FemboyLover_Hybrid,11600.0,43.25,Buy,GULF,2025-11-11 10:36:17
ORD00362,FemboyLover_Hybrid,13800.0,36.75,Sell,TOP,2025-11-11 12:27:31
ORD00363,FemboyLover_Hybrid,13800.0,36.25,Buy,TOP,2025-11-11 12:28:01
ORD00364,FemboyLover_Hybrid,11600.0,43.75,Sell,GULF,2025-11-11 10:36:50
ORD00365,FemboyLover_Hybrid,11600.0,43.25,Buy,GULF,2025-11-11 10:36:51
ORD00366,FemboyLover_Hybrid,13800.0,36.75,Sell,TOP,2025-11-11 12:28:02
ORD00367,FemboyLover_Hybrid,13800.0,36.25,Buy,TOP,2025-11-11 12:28:20
ORD00368,FemboyLover_Hybrid,13800.0,36.75,Sell,TOP,2025-11-11 12:28:54
ORD00369,FemboyLover_Hybrid,13800.0,36.25,Buy,TOP,2025-11-11 12:29:10
ORD00370,FemboyLover_Hybrid,11600.0,43.75,Sell,GULF,2025-11-11 10:37:07
ORD00371,FemboyLover_Hybrid,11600.0,43.25,Buy,GULF,2025-11-11 10:37:11
ORD00372,FemboyLover_Hybrid,13800.0,36.75,Sell,TOP,2025-11-11 12:29:17
ORD00373,FemboyLover_Hybrid,13800.0,36.25,Buy,TOP,2025-11-11 12:29:29
ORD00374,FemboyLover_Hybrid,11600.0,43.75,Sell,GULF,2025-11-11 10:37:12
ORD00375,FemboyLover_Hybrid,11600.0,43.25,Buy,GULF,2025-11-11 10:37:21
ORD00376,FemboyLover_Hybrid,13800.0,36.75,Sell,TOP,2025-11-11 12:29:57
ORD00377,FemboyLover_Hybrid,13800.0,36.25,Buy,TOP,2025-11-11 12:29:57
ORD00378,FemboyLover_Hybrid,11600.0,43.75,Sell,GULF,2025-11-11 10:37:33
ORD00379,FemboyLover_Hybrid,11600.0,43.25,Buy,GULF,2025-11-11 10:37:34
ORD00380,FemboyLover_Hybrid,13800.0,36.75,Sell,TOP,2025-11-11 13:56:10
ORD00381,FemboyLover_Hybrid,13800.0,36.25,Buy,TOP,2025-11-11 13:56:11
ORD00382,FemboyLover_Hybrid,13800.0,36.75,Sell,TOP,2025-11-11 13:56:25
ORD00383,FemboyLover_Hybrid,11600.0,43.75,Sell,GULF,2025-11-11 10:38:00
ORD00384,FemboyLover_Hybrid,13800.0,36.25,Buy,TOP,2025-11-11 13:56:58
ORD00385,FemboyLover_Hybrid,11600.0,43.25,Buy,GULF,2025-11-11 10:38:01
ORD00386,FemboyLover_Hybrid,11100.0,45.25,Buy,CPALL,2025-11-11 11:42:34
ORD00387,FemboyLover_Hybrid,11100.0,45.75,Sell,CPALL,2025-11-11 11:43:01
ORD00388,FemboyLover_Hybrid,11600.0,43.75,Sell,GULF,2025-11-11 10:38:21
ORD00389,FemboyLover_Hybrid,11600.0,43.25,Buy,GULF,2025-11-11 10:38:21
ORD00390,FemboyLover_Hybrid,13800.0,36.75,Sell,TOP,2025-11-11 13:58:45
ORD00391,FemboyLover_Hybrid,13800.0,36.25,Buy,TOP,2025-11-11 13:58:49
ORD00392,FemboyLover_Hybrid,11100.0,45.25,Buy,CPALL,2025-11-11 11:44:30
ORD00393,FemboyLover_Hybrid,11100.0,45.75,Sell,CPALL,2025-11-11 11:44:30
ORD00394,FemboyLover_Hybrid,13800.0,36.75,Sell,TOP,2025-11-11 14:00:36
ORD00395,FemboyLover_Hybrid,13800.0,36.25,Buy,TOP,2025-11-11 14:00:46
ORD00396,FemboyLover_Hybrid,11600.0,43.75,Sell,GULF,2025-11-11 10:39:19
ORD00397,FemboyLover_Hybrid,11600.0,43.25,Buy,GULF,2025-11-11 10:39:22
ORD00398,FemboyLover_Hybrid,11600.0,43.75,Sell,GULF,2025-11-11 10:39:23
ORD00399,FemboyLover_Hybrid,11600.0,43.25,Buy,GULF,2025-11-11 10:39:28
ORD00400,FemboyLover_Hybrid,13800.0,36.75,Sell,TOP,2025-11-11 14:02:45
ORD00401,FemboyLover_Hybrid,13800.0,36.25,Buy,TOP,2025-11-11 14:02:46
ORD00402,FemboyLover_Hybrid,11600.0,43.75,Sell,GULF,2025-11-11 10:39:39
ORD00403,FemboyLover_Hybrid,11600.0,43.25,Buy,GULF,2025-11-11 10:39:40
ORD00404,FemboyLover_Hybrid,11600.0,43.75,Sell,GULF,2025-11-11 10:39:49
ORD00405,FemboyLover_Hybrid,11600.0,43.25,Buy,GULF,2025-11-11 10:39:49
ORD00406,FemboyLover_Hybrid,11100.0,45.25,Buy,CPALL,2025-11-11 11:48:09
ORD00407,FemboyLover_Hybrid,11100.0,45.75,Sell,CPALL,2025-11-11 11:48:09
ORD00408,FemboyLover_Hybrid,11600.0,43.75,Sell,GULF,2025-11-11 10:40:22
ORD00409,FemboyLover_Hybrid,11600.0,43.25,Buy,GULF,2025-11-11 10:40:24
ORD00410,FemboyLover_Hybrid,11100.0,45.25,Buy,CPALL,2025-11-11 11:50:01
ORD00411,FemboyLover_Hybrid,11600.0,43.75,Sell,GULF,2025-11-11 10:40:32
ORD00412,FemboyLover_Hybrid,11100.0,45.75,Sell,CPALL,2025-11-11 11:51:01
ORD00413,FemboyLover_Hybrid,11600.0,43.25,Buy,GULF,2025-11-11 10:40:34
ORD00414,FemboyLover_Hybrid,11100.0,45.25,Buy,CPALL,2025-11-11 11:51:12
ORD00415,FemboyLover_Hybrid,11100.0,45.75,Sell,CPALL,2025-11-11 11:51:17
ORD00416,FemboyLover_Hybrid,25000.0,20.1,Buy,PTTGC,2025-11-11 11:31:52
ORD00417,FemboyLover_Hybrid,25000.0,20.9,Sell,PTTGC,2025-11-11 11:31:59
ORD00418,FemboyLover_Hybrid,25000.0,20.1,Buy,PTTGC,2025-11-11 11:32:08
ORD00419,FemboyLover_Hybrid,25000.0,20.9,Sell,PTTGC,2025-11-11 11:32:10
ORD00420,FemboyLover_Hybrid,13800.0,36.75,Sell,TOP,2025-11-11 14:06:27
ORD00421,FemboyLover_Hybrid,25000.0,20.1,Buy,PTTGC,2025-11-11 11:32:23
ORD00422,FemboyLover_Hybrid,13800.0,36.25,Buy,TOP,2025-11-11 14:06:33
ORD00423,FemboyLover_Hybrid,25000.0,20.9,Sell,PTTGC,2025-11-11 11:32:56
ORD00424,FemboyLover_Hybrid,11600.0,43.75,Sell,GULF,2025-11-11 10:41:19
ORD00425,FemboyLover_Hybrid,11600.0,43.25,Buy,GULF,2025-11-11 10:41:20
ORD00426,FemboyLover_Hybrid,25000.0,20.1,Buy,PTTGC,2025-11-11 11:33:10
ORD00427,FemboyLover_Hybrid,11100.0,45.25,Buy,CPALL,2025-11-11 11:55:21
ORD00428,FemboyLover_Hybrid,11100.0,45.75,Sell,CPALL,2025-11-11 11:55:21
ORD00429,FemboyLover_Hybrid,11100.0,45.25,Buy,CPALL,2025-11-11 11:55:31
ORD00430,FemboyLover_Hybrid,11100.0,45.75,Sell,CPALL,2025-11-11 11:55:31
ORD00431,FemboyLover_Hybrid,11100.0,45.25,Buy,CPALL,2025-11-11 11:55:38
ORD00432,FemboyLover_Hybrid,11600.0,43.75,Sell,GULF,2025-11-11 10:41:47
ORD00433,FemboyLover_Hybrid,11600.0,43.25,Buy,GULF,2025-11-11 10:41:48
ORD00434,FemboyLover_Hybrid,11100.0,45.75,Sell,CPALL,2025-11-11 11:55:54
ORD00435,FemboyLover_Hybrid,25000.0,20.9,Sell,PTTGC,2025-11-11 11:33:12
ORD00436,FemboyLover_Hybrid,25000.0,20.1,Buy,PTTGC,2025-11-11 11:33:14
ORD00437,FemboyLover_Hybrid,11100.0,45.25,Buy,CPALL,2025-11-11 11:56:24
ORD00438,FemboyLover_Hybrid,11100.0,45.75,Sell,CPALL,2025-11-11 11:56:25
ORD00439,FemboyLover_Hybrid,11100.0,45.25,Buy,CPALL,2025-11-11 11:56:28
ORD00440,FemboyLover_Hybrid,11100.0,45.75,Sell,CPALL,2025-11-11 11:56:35
ORD00441,FemboyLover_Hybrid,11600.0,43.75,Sell,GULF,2025-11-11 10:42:23
ORD00442,FemboyLover_Hybrid,11600.0,43.25,Buy,GULF,2025-11-11 10:42:23
ORD00443,FemboyLover_Hybrid,11600.0,43.75,Sell,GULF,2025-11-11 10:42:23
ORD00444,FemboyLover_Hybrid,11600.0,43.25,Buy,GULF,2025-11-11 10:42:26
ORD00445,FemboyLover_Hybrid,11100.0,45.25,Buy,CPALL,2025-11-11 11:59:21
ORD00446,FemboyLover_Hybrid,11600.0,43.75,Sell,GULF,2025-11-11 10:42:32
ORD00447,FemboyLover_Hybrid,11100.0,45.75,Sell,CPALL,2025-11-11 11:59:36
ORD00448,FemboyLover_Hybrid,11600.0,43.25,Buy,GULF,2025-11-11 10:42:36
ORD00449,FemboyLover_Hybrid,11600.0,43.75,Sell,GULF,2025-11-11 10:42:38
ORD00450,FemboyLover_Hybrid,11600.0,43.25,Buy,GULF,2025-11-11 10:42:43
ORD00451,FemboyLover_Hybrid,11600.0,43.75,Sell,GULF,2025-11-11 10:42:47
ORD00452,FemboyLover_Hybrid,11100.0,45.25,Buy,CPALL,2025-11-11 12:01:39
ORD00453,FemboyLover_Hybrid,11100.0,45.75,Sell,CPALL,2025-11-11 12:01:53
ORD00454,FemboyLover_Hybrid,25000.0,20.9,Sell,PTTGC,2025-11-11 11:33:39
ORD00455,FemboyLover_Hybrid,11600.0,43.25,Buy,GULF,2025-11-11 10:42:52
ORD00456,FemboyLover_Hybrid,25000.0,20.1,Buy,PTTGC,2025-11-11 11:33:49
ORD00457,FemboyLover_Hybrid,11100.0,45.25,Buy,CPALL,2025-11-11 12:03:21
ORD00458,FemboyLover_Hybrid,25000.0,20.9,Sell,PTTGC,2025-11-11 11:33:56
ORD00459,FemboyLover_Hybrid,11100.0,45.75,Sell,CPALL,2025-11-11 12:03:24
ORD00460,FemboyLover_Hybrid,25000.0,20.1,Buy,PTTGC,2025-11-11 11:34:05
ORD00461,FemboyLover_Hybrid,25000.0,20.9,Sell,PTTGC,2025-11-11 11:34:12
ORD00462,FemboyLover_Hybrid,11100.0,45.25,Buy,CPALL,2025-11-11 12:07:16
ORD00463,FemboyLover_Hybrid,11100.0,45.75,Sell,CPALL,2025-11-11 12:07:19
ORD00464,FemboyLover_Hybrid,25000.0,20.1,Buy,PTTGC,2025-11-11 11:34:17
ORD00465,FemboyLover_Hybrid,11600.0,43.75,Sell,GULF,2025-11-11 10:44:38
ORD00466,FemboyLover_Hybrid,11600.0,43.25,Buy,GULF,2025-11-11 10:44:39
ORD00467,FemboyLover_Hybrid,11600.0,43.75,Sell,GULF,2025-11-11 10:44:52
ORD00468,FemboyLover_Hybrid,11600.0,43.25,Buy,GULF,2025-11-11 10:44:56
ORD00469,FemboyLover_Hybrid,25000.0,20.9,Sell,PTTGC,2025-11-11 11:34:26
ORD00470,FemboyLover_Hybrid,25000.0,20.1,Buy,PTTGC,2025-11-11 11:34:27
ORD00471,FemboyLover_Hybrid,11100.0,45.25,Buy,CPALL,2025-11-11 12:09:13
ORD00472,FemboyLover_Hybrid,11100.0,45.75,Sell,CPALL,2025-11-11 12:09:18
ORD00473,FemboyLover_Hybrid,25000.0,20.9,Sell,PTTGC,2025-11-11 11:35:49
ORD00474,FemboyLover_Hybrid,11100.0,45.25,Buy,CPALL,2025-11-11 12:11:11
ORD00475,FemboyLover_Hybrid,25000.0,20.1,Buy,PTTGC,2025-11-11 11:35:50
ORD00476,FemboyLover_Hybrid,11100.0,45.75,Sell,CPALL,2025-11-11 12:11:11
ORD00477,FemboyLover_Hybrid,25000.0,20.9,Sell,PTTGC,2025-11-11 11:36:02
ORD00478,FemboyLover_Hybrid,13800.0,36.75,Sell,TOP,2025-11-11 14:25:55
ORD00479,FemboyLover_Hybrid,13800.0,36.25,Buy,TOP,2025-11-11 14:25:55
ORD00480,FemboyLover_Hybrid,11100.0,45.25,Buy,CPALL,2025-11-11 12:11:11
ORD00481,FemboyLover_Hybrid,11600.0,43.75,Sell,GULF,2025-11-11 10:45:57
ORD00482,FemboyLover_Hybrid,25000.0,20.1,Buy,PTTGC,2025-11-11 11:36:09
ORD00483,FemboyLover_Hybrid,11100.0,45.75,Sell,CPALL,2025-11-11 12:11:11
ORD00484,FemboyLover_Hybrid,11600.0,43.25,Buy,GULF,2025-11-11 10:46:00
ORD00485,FemboyLover_Hybrid,25000.0,20.9,Sell,PTTGC,2025-11-11 11:36:14
ORD00486,FemboyLover_Hybrid,25000.0,20.1,Buy,PTTGC,2025-11-11 11:36:20
ORD00487,FemboyLover_Hybrid,11600.0,43.75,Sell,GULF,2025-11-11 10:46:10
ORD00488,FemboyLover_Hybrid,11600.0,43.25,Buy,GULF,2025-11-11 10:46:14
ORD00489,FemboyLover_Hybrid,11100.0,45.25,Buy,CPALL,2025-11-11 12:12:21
ORD00490,FemboyLover_Hybrid,11100.0,45.75,Sell,CPALL,2025-11-11 12:12:37
ORD00491,FemboyLover_Hybrid,11100.0,45.25,Buy,CPALL,2025-11-11 12:13:03
ORD00492,FemboyLover_Hybrid,11100.0,45.75,Sell,CPALL,2025-11-11 12:13:19
ORD00493,FemboyLover_Hybrid,11600.0,43.75,Sell,GULF,2025-11-11 10:46:26
ORD00494,FemboyLover_Hybrid,11600.0,43.25,Buy,GULF,2025-11-11 10:46:33
ORD00495,FemboyLover_Hybrid,13800.0,36.75,Sell,TOP,2025-11-11 14:30:18
ORD00496,FemboyLover_Hybrid,13800.0,36.25,Buy,TOP,2025-11-11 14:30:21
ORD00497,FemboyLover_Hybrid,11600.0,43.75,Sell,GULF,2025-11-11 10:47:11
ORD00498,FemboyLover_Hybrid,11600.0,43.25,Buy,GULF,2025-11-11 10:47:16
ORD00499,FemboyLover_Hybrid,11600.0,43.75,Sell,GULF,2025-11-11 10:47:25
ORD00500,FemboyLover_Hybrid,11600.0,43.25,Buy,GULF,2025-11-11 10:47:28
ORD00501,FemboyLover_Hybrid,13800.0,36.75,Sell,TOP,2025-11-11 14:33:02
ORD00502,FemboyLover_Hybrid,13800.0,36.25,Buy,TOP,2025-11-11 14:33:10
ORD00503,FemboyLover_Hybrid,13800.0,36.75,Sell,TOP,2025-11-11 14:34:01
ORD00504,FemboyLover_Hybrid,13800.0,36.25,Buy,TOP,2025-11-11 14:34:02
ORD00505,FemboyLover_Hybrid,25000.0,20.9,Sell,PTTGC,2025-11-11 11:39:28
ORD00506,FemboyLover_Hybrid,11600.0,43.75,Sell,GULF,2025-11-11 10:47:55
ORD00507,FemboyLover_Hybrid,25000.0,20.1,Buy,PTTGC,2025-11-11 11:39:42
ORD00508,FemboyLover_Hybrid,11600.0,43.25,Buy,GULF,2025-11-11 10:47:56
ORD00509,FemboyLover_Hybrid,25000.0,20.9,Sell,PTTGC,2025-11-11 11:40:06
ORD00510,FemboyLover_Hybrid,25000.0,20.1,Buy,PTTGC,2025-11-11 11:40:19
ORD00511,FemboyLover_Hybrid,25000.0,20.9,Sell,PTTGC,2025-11-11 11:40:29
ORD00512,FemboyLover_Hybrid,13800.0,36.75,Sell,TOP,2025-11-11 14:35:28
ORD00513,FemboyLover_Hybrid,25000.0,20.1,Buy,PTTGC,2025-11-11 11:40:34
ORD00514,FemboyLover_Hybrid,13800.0,36.25,Buy,TOP,2025-11-11 14:35:46
ORD00515,FemboyLover_Hybrid,11600.0,43.75,Sell,GULF,2025-11-11 10:48:15
ORD00516,FemboyLover_Hybrid,11600.0,43.25,Buy,GULF,2025-11-11 10:48:17
ORD00517,FemboyLover_Hybrid,13800.0,36.75,Sell,TOP,2025-11-11 14:37:18
ORD00518,FemboyLover_Hybrid,13800.0,36.25,Buy,TOP,2025-11-11 14:37:27
ORD00519,FemboyLover_Hybrid,25000.0,20.9,Sell,PTTGC,2025-11-11 11:42:40
ORD00520,FemboyLover_Hybrid,25000.0,20.1,Buy,PTTGC,2025-11-11 11:42:41
ORD00521,FemboyLover_Hybrid,11600.0,43.75,Sell,GULF,2025-11-11 10:48:45
ORD00522,FemboyLover_Hybrid,11600.0,43.25,Buy,GULF,2025-11-11 10:48:46
ORD00523,FemboyLover_Hybrid,13800.0,36.75,Sell,TOP,2025-11-11 14:38:11
ORD00524,FemboyLover_Hybrid,13800.0,36.25,Buy,TOP,2025-11-11 14:38:11
ORD00525,FemboyLover_Hybrid,25000.0,20.9,Sell,PTTGC,2025-11-11 11:44:04
ORD00526,FemboyLover_Hybrid,11600.0,43.75,Sell,GULF,2025-11-11 10:49:14
ORD00527,FemboyLover_Hybrid,25000.0,20.1,Buy,PTTGC,2025-11-11 11:44:07
ORD00528,FemboyLover_Hybrid,13800.0,36.75,Sell,TOP,2025-11-11 14:38:28
ORD00529,FemboyLover_Hybrid,11600.0,43.25,Buy,GULF,2025-11-11 10:49:21
ORD00530,FemboyLover_Hybrid,13800.0,36.25,Buy,TOP,2025-11-11 14:38:32
ORD00531,FemboyLover_Hybrid,11600.0,43.75,Sell,GULF,2025-11-11 10:49:44
ORD00532,FemboyLover_Hybrid,11600.0,43.25,Buy,GULF,2025-11-11 10:49:54
ORD00533,FemboyLover_Hybrid,25000.0,20.9,Sell,PTTGC,2025-11-11 11:46:06
ORD00534,FemboyLover_Hybrid,25000.0,20.1,Buy,PTTGC,2025-11-11 11:46:20
ORD00535,FemboyLover_Hybrid,13800.0,36.75,Sell,TOP,2025-11-11 14:39:40
ORD00536,FemboyLover_Hybrid,13800.0,36.25,Buy,TOP,2025-11-11 14:39:43
ORD00537,FemboyLover_Hybrid,11600.0,43.75,Sell,GULF,2025-11-11 10:50:12
ORD00538,FemboyLover_Hybrid,25000.0,20.9,Sell,PTTGC,2025-11-11 11:46:40
ORD00539,FemboyLover_Hybrid,13800.0,36.75,Sell,TOP,2025-11-11 14:39:49
ORD00540,FemboyLover_Hybrid,11600.0,43.25,Buy,GULF,2025-11-11 10:50:14
ORD00541,FemboyLover_Hybrid,25000.0,20.1,Buy,PTTGC,2025-11-11 11:46:54
ORD00542,FemboyLover_Hybrid,11600.0,43.75,Sell,GULF,2025-11-11 10:50:29
ORD00543,FemboyLover_Hybrid,11600.0,43.25,Buy,GULF,2025-11-11 10:50:29
ORD00544,FemboyLover_Hybrid,25000.0,20.9,Sell,PTTGC,2025-11-11 11:47:05
ORD00545,FemboyLover_Hybrid,25000.0,20.1,Buy,PTTGC,2025-11-11 11:47:11
ORD00546,FemboyLover_Hybrid,23800.0,21.1,Buy,MINT,2025-11-11 11:24:42
ORD00547,FemboyLover_Hybrid,23800.0,21.9,Sell,MINT,2025-11-11 11:24:45
ORD00548,FemboyLover_Hybrid,23800.0,21.1,Buy,MINT,2025-11-11 11:24:47
ORD00549,FemboyLover_Hybrid,23800.0,21.9,Sell,MINT,2025-11-11 11:24:50
ORD00550,FemboyLover_Hybrid,25000.0,20.9,Sell,PTTGC,2025-11-11 11:48:04
ORD00551,FemboyLover_Hybrid,25000.0,20.1,Buy,PTTGC,2025-11-11 11:48:15
ORD00552,FemboyLover_Hybrid,25000.0,20.9,Sell,PTTGC,2025-11-11 11:48:35
ORD00553,FemboyLover_Hybrid,25000.0,20.1,Buy,PTTGC,2025-11-11 11:48:53
ORD00554,FemboyLover_Hybrid,25000.0,20.9,Sell,PTTGC,2025-11-11 11:49:07
ORD00555,FemboyLover_Hybrid,11600.0,43.75,Sell,GULF,2025-11-11 10:52:47
ORD00556,FemboyLover_Hybrid,11600.0,43.25,Buy,GULF,2025-11-11 10:52:50
ORD00557,FemboyLover_Hybrid,11600.0,43.75,Sell,GULF,2025-11-11 10:53:22
ORD00558,FemboyLover_Hybrid,11600.0,43.25,Buy,GULF,2025-11-11 10:53:23
ORD00559,FemboyLover_Hybrid,11600.0,43.75,Sell,GULF,2025-11-11 10:55:16
ORD00560,FemboyLover_Hybrid,11600.0,43.25,Buy,GULF,2025-11-11 10:55:21
ORD00561,FemboyLover_Hybrid,11600.0,43.75,Sell,GULF,2025-11-11 10:55:49
ORD00562,FemboyLover_Hybrid,11600.0,43.25,Buy,GULF,2025-11-11 10:55:51
ORD00563,FemboyLover_Hybrid,23800.0,21.1,Buy,MINT,2025-11-11 11:29:37
ORD00564,FemboyLover_Hybrid,23800.0,21.9,Sell,MINT,2025-11-11 11:29:38
ORD00565,FemboyLover_Hybrid,11600.0,43.75,Sell,GULF,2025-11-11 10:58:45
ORD00566,FemboyLover_Hybrid,11600.0,43.25,Buy,GULF,2025-11-11 10:58:47
ORD00567,FemboyLover_Hybrid,11600.0,43.75,Sell,GULF,2025-11-11 10:58:52
ORD00568,FemboyLover_Hybrid,11600.0,43.25,Buy,GULF,2025-11-11 10:58:54
ORD00569,FemboyLover_Hybrid,11600.0,43.75,Sell,GULF,2025-11-11 10:58:56
ORD00570,FemboyLover_Hybrid,11600.0,43.25,Buy,GULF,2025-11-11 10:58:57
ORD00571,FemboyLover_Hybrid,11100.0,45.25,Buy,CPALL,2025-11-11 14:07:08
ORD00572,FemboyLover_Hybrid,11600.0,43.75,Sell,GULF,2025-11-11 10:59:08
ORD00573,FemboyLover_Hybrid,11100.0,45.75,Sell,CPALL,2025-11-11 14:07:19
ORD00574,FemboyLover_Hybrid,11600.0,43.25,Buy,GULF,2025-11-11 10:59:09
ORD00575,FemboyLover_Hybrid,23800.0,21.1,Buy,MINT,2025-11-11 11:31:42
ORD00576,FemboyLover_Hybrid,23800.0,21.9,Sell,MINT,2025-11-11 11:31:54
ORD00577,FemboyLover_Hybrid,11600.0,43.75,Sell,GULF,2025-11-11 10:59:54
ORD00578,FemboyLover_Hybrid,11600.0,43.25,Buy,GULF,2025-11-11 11:00:05
ORD00579,FemboyLover_Hybrid,23800.0,21.1,Buy,MINT,2025-11-11 11:32:34
ORD00580,FemboyLover_Hybrid,23800.0,21.9,Sell,MINT,2025-11-11 11:32:35
ORD00581,FemboyLover_Hybrid,11600.0,43.75,Sell,GULF,2025-11-11 11:00:26
ORD00582,FemboyLover_Hybrid,13800.0,36.25,Buy,TOP,2025-11-11 15:10:08
ORD00583,FemboyLover_Hybrid,11600.0,43.25,Buy,GULF,2025-11-11 11:00:30
ORD00584,FemboyLover_Hybrid,13800.0,36.75,Sell,TOP,2025-11-11 15:10:13
ORD00585,FemboyLover_Hybrid,11600.0,43.75,Sell,GULF,2025-11-11 11:01:45
ORD00586,FemboyLover_Hybrid,11600.0,43.25,Buy,GULF,2025-11-11 11:01:47
ORD00587,FemboyLover_Hybrid,11600.0,43.75,Sell,GULF,2025-11-11 11:02:20
ORD00588,FemboyLover_Hybrid,11600.0,43.25,Buy,GULF,2025-11-11 11:02:24
ORD00589,FemboyLover_Hybrid,11600.0,43.75,Sell,GULF,2025-11-11 11:03:20
ORD00590,FemboyLover_Hybrid,25000.0,20.1,Buy,PTTGC,2025-11-11 12:19:10
ORD00591,FemboyLover_Hybrid,11600.0,43.25,Buy,GULF,2025-11-11 11:03:29
ORD00592,FemboyLover_Hybrid,25000.0,20.9,Sell,PTTGC,2025-11-11 12:20:09
ORD00593,FemboyLover_Hybrid,12500.0,40.75,Sell,CBG,2025-11-11 16:25:08
ORD00594,FemboyLover_Hybrid,25000.0,20.1,Buy,PTTGC,2025-11-11 12:29:45
ORD00595,FemboyLover_Hybrid,25000.0,20.9,Sell,PTTGC,2025-11-11 12:29:55
ORD00596,FemboyLover_Hybrid,25000.0,20.1,Buy,PTTGC,2025-11-11 13:56:07
ORD00597,FemboyLover_Hybrid,11600.0,43.75,Sell,GULF,2025-11-11 11:05:00
ORD00598,FemboyLover_Hybrid,11600.0,43.25,Buy,GULF,2025-11-11 11:05:02
ORD00599,FemboyLover_Hybrid,11600.0,43.75,Sell,GULF,2025-11-11 11:05:28
ORD00600,FemboyLover_Hybrid,11600.0,43.25,Buy,GULF,2025-11-11 11:05:29
ORD00601,FemboyLover_Hybrid,11100.0,45.25,Buy,CPALL,2025-11-11 14:36:44
ORD00602,FemboyLover_Hybrid,11100.0,45.75,Sell,CPALL,2025-11-11 14:37:24
ORD00603,FemboyLover_Hybrid,11100.0,45.25,Buy,CPALL,2025-11-11 14:38:00
ORD00604,FemboyLover_Hybrid,11100.0,45.75,Sell,CPALL,2025-11-11 14:38:35
ORD00605,FemboyLover_Hybrid,11600.0,43.75,Sell,GULF,2025-11-11 11:06:07
ORD00606,FemboyLover_Hybrid,11600.0,43.25,Buy,GULF,2025-11-11 11:06:15
ORD00607,FemboyLover_Hybrid,11600.0,43.75,Sell,GULF,2025-11-11 11:06:16
ORD00608,FemboyLover_Hybrid,23800.0,21.1,Buy,MINT,2025-11-11 11:50:10
ORD00609,FemboyLover_Hybrid,11600.0,43.25,Buy,GULF,2025-11-11 11:06:16
ORD00610,FemboyLover_Hybrid,11600.0,43.75,Sell,GULF,2025-11-11 11:07:01
ORD00611,FemboyLover_Hybrid,11600.0,43.25,Buy,GULF,2025-11-11 11:07:06
ORD00612,FemboyLover_Hybrid,11100.0,45.25,Buy,CPALL,2025-11-11 14:42:46
ORD00613,FemboyLover_Hybrid,11100.0,45.75,Sell,CPALL,2025-11-11 14:42:47
ORD00614,FemboyLover_Hybrid,11600.0,43.75,Sell,GULF,2025-11-11 11:07:11
ORD00615,FemboyLover_Hybrid,11100.0,45.25,Buy,CPALL,2025-11-11 14:43:40
ORD00616,FemboyLover_Hybrid,11600.0,43.25,Buy,GULF,2025-11-11 11:07:20
ORD00617,FemboyLover_Hybrid,23800.0,21.9,Sell,MINT,2025-11-11 11:50:23
ORD00618,FemboyLover_Hybrid,11100.0,45.75,Sell,CPALL,2025-11-11 14:43:42
ORD00619,FemboyLover_Hybrid,23800.0,21.1,Buy,MINT,2025-11-11 11:50:25
ORD00620,FemboyLover_Hybrid,11100.0,45.25,Buy,CPALL,2025-11-11 14:44:11
ORD00621,FemboyLover_Hybrid,11100.0,45.75,Sell,CPALL,2025-11-11 14:44:12
ORD00622,FemboyLover_Hybrid,11100.0,45.25,Buy,CPALL,2025-11-11 14:46:32
ORD00623,FemboyLover_Hybrid,11100.0,45.75,Sell,CPALL,2025-11-11 14:47:04
ORD00624,FemboyLover_Hybrid,11600.0,43.75,Sell,GULF,2025-11-11 11:07:52
ORD00625,FemboyLover_Hybrid,11100.0,45.25,Buy,CPALL,2025-11-11 14:48:16
ORD00626,FemboyLover_Hybrid,11600.0,43.25,Buy,GULF,2025-11-11 11:08:05
ORD00627,FemboyLover_Hybrid,11100.0,45.75,Sell,CPALL,2025-11-11 14:50:28
ORD00628,FemboyLover_Hybrid,11600.0,43.75,Sell,GULF,2025-11-11 11:08:06
ORD00629,FemboyLover_Hybrid,11100.0,45.25,Buy,CPALL,2025-11-11 14:50:41
ORD00630,FemboyLover_Hybrid,11600.0,43.25,Buy,GULF,2025-11-11 11:08:08
ORD00631,FemboyLover_Hybrid,11100.0,45.75,Sell,CPALL,2025-11-11 14:52:56
ORD00632,FemboyLover_Hybrid,11600.0,43.75,Sell,GULF,2025-11-11 11:08:31
ORD00633,FemboyLover_Hybrid,11100.0,45.25,Buy,CPALL,2025-11-11 14:53:28
ORD00634,FemboyLover_Hybrid,11600.0,43.25,Buy,GULF,2025-11-11 11:08:32
ORD00635,FemboyLover_Hybrid,11100.0,45.75,Sell,CPALL,2025-11-11 14:54:59
ORD00636,FemboyLover_Hybrid,11100.0,45.25,Buy,CPALL,2025-11-11 14:55:00
ORD00637,FemboyLover_Hybrid,11100.0,45.75,Sell,CPALL,2025-11-11 14:55:05
ORD00638,FemboyLover_Hybrid,11100.0,45.25,Buy,CPALL,2025-11-11 14:55:29
ORD00639,FemboyLover_Hybrid,11100.0,45.75,Sell,CPALL,2025-11-11 14:55:30
ORD00640,FemboyLover_Hybrid,11100.0,45.25,Buy,CPALL,2025-11-11 14:56:01
ORD00641,FemboyLover_Hybrid,11100.0,45.75,Sell,CPALL,2025-11-11 14:57:59
ORD00642,FemboyLover_Hybrid,11100.0,45.25,Buy,CPALL,2025-11-11 14:58:31
ORD00643,FemboyLover_Hybrid,11100.0,45.75,Sell,CPALL,2025-11-11 14:59:06
ORD00644,FemboyLover_Hybrid,11100.0,45.25,Buy,CPALL,2025-11-11 14:59:53
ORD00645,FemboyLover_Hybrid,11100.0,45.75,Sell,CPALL,2025-11-11 15:00:11
ORD00646,FemboyLover_Hybrid,11100.0,45.25,Buy,CPALL,2025-11-11 15:00:12
ORD00647,FemboyLover_Hybrid,11100.0,45.75,Sell,CPALL,2025-11-11 15:00:38
ORD00648,FemboyLover_Hybrid,11100.0,45.25,Buy,CPALL,2025-11-11 15:00:42
ORD00649,FemboyLover_Hybrid,11100.0,45.75,Sell,CPALL,2025-11-11 15:01:15
ORD00650,FemboyLover_Hybrid,11100.0,45.25,Buy,CPALL,2025-11-11 15:01:22
ORD00651,FemboyLover_Hybrid,11100.0,45.75,Sell,CPALL,2025-11-11 15:02:26
ORD00652,FemboyLover_Hybrid,11100.0,45.25,Buy,CPALL,2025-11-11 15:02:29
ORD00653,FemboyLover_Hybrid,11100.0,45.75,Sell,CPALL,2025-11-11 15:02:40
ORD00654,FemboyLover_Hybrid,11100.0,45.25,Buy,CPALL,2025-11-11 15:02:45
ORD00655,FemboyLover_Hybrid,11100.0,45.75,Sell,CPALL,2025-11-11 15:03:08
ORD00656,FemboyLover_Hybrid,11100.0,45.25,Buy,CPALL,2025-11-11 15:03:21
ORD00657,FemboyLover_Hybrid,11100.0,45.75,Sell,CPALL,2025-11-11 15:03:28
ORD00658,FemboyLover_Hybrid,11100.0,45.25,Buy,CPALL,2025-11-11 15:03:38
ORD00659,FemboyLover_Hybrid,11100.0,45.75,Sell,CPALL,2025-11-11 15:03:40
ORD00660,FemboyLover_Hybrid,11100.0,45.25,Buy,CPALL,2025-11-11 15:03:51
ORD00661,FemboyLover_Hybrid,11600.0,43.75,Sell,GULF,2025-11-11 11:09:20
ORD00662,FemboyLover_Hybrid,11600.0,43.25,Buy,GULF,2025-11-11 11:09:20
ORD00663,FemboyLover_Hybrid,11600.0,43.75,Sell,GULF,2025-11-11 11:09:29
ORD00664,FemboyLover_Hybrid,11600.0,43.25,Buy,GULF,2025-11-11 11:09:29
ORD00665,FemboyLover_Hybrid,11100.0,45.75,Sell,CPALL,2025-11-11 15:04:48
ORD00666,FemboyLover_Hybrid,11600.0,43.75,Sell,GULF,2025-11-11 11:09:35
ORD00667,FemboyLover_Hybrid,11100.0,45.25,Buy,CPALL,2025-11-11 15:05:01
ORD00668,FemboyLover_Hybrid,11600.0,43.25,Buy,GULF,2025-11-11 11:09:36
ORD00669,FemboyLover_Hybrid,11100.0,45.75,Sell,CPALL,2025-11-11 15:05:48
ORD00670,FemboyLover_Hybrid,11100.0,45.25,Buy,CPALL,2025-11-11 15:05:50
ORD00671,FemboyLover_Hybrid,11600.0,43.75,Sell,GULF,2025-11-11 11:09:43
ORD00672,FemboyLover_Hybrid,11600.0,43.25,Buy,GULF,2025-11-11 11:09:45
ORD00673,FemboyLover_Hybrid,11100.0,45.75,Sell,CPALL,2025-11-11 15:06:27
ORD00674,FemboyLover_Hybrid,11100.0,45.25,Buy,CPALL,2025-11-11 15:06:40
ORD00675,FemboyLover_Hybrid,11100.0,45.75,Sell,CPALL,2025-11-11 15:07:08
ORD00676,FemboyLover_Hybrid,11100.0,45.25,Buy,CPALL,2025-11-11 15:07:15
ORD00677,FemboyLover_Hybrid,11100.0,45.75,Sell,CPALL,2025-11-11 15:07:36
ORD00678,FemboyLover_Hybrid,11100.0,45.25,Buy,CPALL,2025-11-11 15:07:49
ORD00679,FemboyLover_Hybrid,11100.0,45.75,Sell,CPALL,2025-11-11 15:09:14
ORD00680,FemboyLover_Hybrid,11100.0,45.25,Buy,CPALL,2025-11-11 15:09:17
ORD00681,FemboyLover_Hybrid,11600.0,43.75,Sell,GULF,2025-11-11 11:10:34
ORD00682,FemboyLover_Hybrid,11600.0,43.25,Buy,GULF,2025-11-11 11:10:34
ORD00683,FemboyLover_Hybrid,11100.0,45.75,Sell,CPALL,2025-11-11 15:09:47
ORD00684,FemboyLover_Hybrid,11100.0,45.25,Buy,CPALL,2025-11-11 15:09:51
ORD00685,FemboyLover_Hybrid,11100.0,45.75,Sell,CPALL,2025-11-11 15:10:18
ORD00686,FemboyLover_Hybrid,11100.0,45.25,Buy,CPALL,2025-11-11 15:10:23
ORD00687,FemboyLover_Hybrid,11100.0,45.75,Sell,CPALL,2025-11-11 15:11:31
ORD00688,FemboyLover_Hybrid,11600.0,43.75,Sell,GULF,2025-11-11 11:11:10
ORD00689,FemboyLover_Hybrid,11100.0,45.25,Buy,CPALL,2025-11-11 15:11:40
ORD00690,FemboyLover_Hybrid,11600.0,43.25,Buy,GULF,2025-11-11 11:11:14
ORD00691,FemboyLover_Hybrid,11100.0,45.75,Sell,CPALL,2025-11-11 15:11:41
ORD00692,FemboyLover_Hybrid,11100.0,45.25,Buy,CPALL,2025-11-11 15:11:51
ORD00693,FemboyLover_Hybrid,23800.0,21.9,Sell,MINT,2025-11-11 12:02:11
ORD00694,FemboyLover_Hybrid,23800.0,21.1,Buy,MINT,2025-11-11 12:03:47
ORD00695,FemboyLover_Hybrid,11100.0,45.75,Sell,CPALL,2025-11-11 15:14:34
ORD00696,FemboyLover_Hybrid,11100.0,45.25,Buy,CPALL,2025-11-11 15:14:36
ORD00697,FemboyLover_Hybrid,11600.0,43.75,Sell,GULF,2025-11-11 11:11:58
ORD00698,FemboyLover_Hybrid,11600.0,43.25,Buy,GULF,2025-11-11 11:11:58
ORD00699,FemboyLover_Hybrid,11100.0,45.75,Sell,CPALL,2025-11-11 15:15:28
ORD00700,FemboyLover_Hybrid,11100.0,45.25,Buy,CPALL,2025-11-11 15:15:29
ORD00701,FemboyLover_Hybrid,11100.0,45.75,Sell,CPALL,2025-11-11 15:16:03
ORD00702,FemboyLover_Hybrid,11100.0,45.25,Buy,CPALL,2025-11-11 15:16:15
ORD00703,FemboyLover_Hybrid,11100.0,45.75,Sell,CPALL,2025-11-11 15:17:30
ORD00704,FemboyLover_Hybrid,11100.0,45.25,Buy,CPALL,2025-11-11 15:17:38
ORD00705,FemboyLover_Hybrid,11600.0,43.75,Sell,GULF,2025-11-11 11:12:52
ORD00706,FemboyLover_Hybrid,11100.0,45.75,Sell,CPALL,2025-11-11 15:18:06
ORD00707,FemboyLover_Hybrid,11600.0,43.25,Buy,GULF,2025-11-11 11:12:52
ORD00708,FemboyLover_Hybrid,11100.0,45.25,Buy,CPALL,2025-11-11 15:18:11
ORD00709,FemboyLover_Hybrid,11100.0,45.75,Sell,CPALL,2025-11-11 15:18:21
ORD00710,FemboyLover_Hybrid,11100.0,45.25,Buy,CPALL,2025-11-11 15:18:27
ORD00711,FemboyLover_Hybrid,11100.0,45.75,Sell,CPALL,2025-11-11 15:19:38
ORD00712,FemboyLover_Hybrid,11100.0,45.25,Buy,CPALL,2025-11-11 15:19:39
ORD00713,FemboyLover_Hybrid,11600.0,43.75,Sell,GULF,2025-11-11 11:13:02
ORD00714,FemboyLover_Hybrid,11600.0,43.25,Buy,GULF,2025-11-11 11:13:03
ORD00715,FemboyLover_Hybrid,11100.0,45.75,Sell,CPALL,2025-11-11 15:19:40
ORD00716,FemboyLover_Hybrid,11100.0,45.25,Buy,CPALL,2025-11-11 15:19:41
ORD00717,FemboyLover_Hybrid,11100.0,45.75,Sell,CPALL,2025-11-11 15:19:53
ORD00718,FemboyLover_Hybrid,11100.0,45.25,Buy,CPALL,2025-11-11 15:19:56
ORD00719,FemboyLover_Hybrid,11100.0,45.75,Sell,CPALL,2025-11-11 15:20:46
ORD00720,FemboyLover_Hybrid,11100.0,45.25,Buy,CPALL,2025-11-11 15:21:33
ORD00721,FemboyLover_Hybrid,11100.0,45.75,Sell,CPALL,2025-11-11 15:21:33
ORD00722,FemboyLover_Hybrid,11100.0,45.25,Buy,CPALL,2025-11-11 15:21:57
ORD00723,FemboyLover_Hybrid,11100.0,45.75,Sell,CPALL,2025-11-11 15:22:13
ORD00724,FemboyLover_Hybrid,11100.0,45.25,Buy,CPALL,2025-11-11 15:22:16
ORD00725,FemboyLover_Hybrid,11100.0,45.75,Sell,CPALL,2025-11-11 15:22:18
ORD00726,FemboyLover_Hybrid,11100.0,45.25,Buy,CPALL,2025-11-11 15:22:57
ORD00727,FemboyLover_Hybrid,11100.0,45.75,Sell,CPALL,2025-11-11 15:23:15
ORD00728,FemboyLover_Hybrid,23800.0,21.9,Sell,MINT,2025-11-11 12:08:22
ORD00729,FemboyLover_Hybrid,11100.0,45.25,Buy,CPALL,2025-11-11 15:23:36
ORD00730,FemboyLover_Hybrid,13800.0,36.25,Buy,TOP,2025-11-11 16:11:06
ORD00731,FemboyLover_Hybrid,13800.0,36.75,Sell,TOP,2025-11-11 16:11:15
ORD00732,FemboyLover_Hybrid,11100.0,45.75,Sell,CPALL,2025-11-11 15:24:38
ORD00733,FemboyLover_Hybrid,23800.0,21.1,Buy,MINT,2025-11-11 12:15:58
ORD00734,FemboyLover_Hybrid,11100.0,45.25,Buy,CPALL,2025-11-11 15:26:16
ORD00735,FemboyLover_Hybrid,11100.0,45.75,Sell,CPALL,2025-11-11 15:27:35
ORD00736,FemboyLover_Hybrid,11100.0,45.25,Buy,CPALL,2025-11-11 15:27:36
ORD00737,FemboyLover_Hybrid,11100.0,45.75,Sell,CPALL,2025-11-11 15:27:44
ORD00738,FemboyLover_Hybrid,23800.0,21.9,Sell,MINT,2025-11-11 12:19:56
ORD00739,FemboyLover_Hybrid,11100.0,45.25,Buy,CPALL,2025-11-11 15:28:58
ORD00740,FemboyLover_Hybrid,11100.0,45.75,Sell,CPALL,2025-11-11 15:29:08
ORD00741,FemboyLover_Hybrid,23800.0,21.1,Buy,MINT,2025-11-11 12:23:02
ORD00742,FemboyLover_Hybrid,11100.0,45.25,Buy,CPALL,2025-11-11 15:29:53
ORD00743,FemboyLover_Hybrid,11100.0,45.75,Sell,CPALL,2025-11-11 15:30:41
ORD00744,FemboyLover_Hybrid,11100.0,45.25,Buy,CPALL,2025-11-11 15:30:55
ORD00745,FemboyLover_Hybrid,13800.0,36.25,Buy,TOP,2025-11-11 16:15:05
ORD00746,FemboyLover_Hybrid,13800.0,36.75,Sell,TOP,2025-11-11 16:15:15
ORD00747,FemboyLover_Hybrid,11600.0,43.75,Sell,GULF,2025-11-11 11:14:22
ORD00748,FemboyLover_Hybrid,11600.0,43.25,Buy,GULF,2025-11-11 11:14:24
ORD00749,FemboyLover_Hybrid,11100.0,45.75,Sell,CPALL,2025-11-11 15:32:19
ORD00750,FemboyLover_Hybrid,11100.0,45.25,Buy,CPALL,2025-11-11 15:32:38
ORD00751,FemboyLover_Hybrid,11100.0,45.75,Sell,CPALL,2025-11-11 15:32:38
ORD00752,FemboyLover_Hybrid,11600.0,43.75,Sell,GULF,2025-11-11 11:14:27
ORD00753,FemboyLover_Hybrid,11100.0,45.25,Buy,CPALL,2025-11-11 15:32:38
ORD00754,FemboyLover_Hybrid,11100.0,45.75,Sell,CPALL,2025-11-11 15:32:42
ORD00755,FemboyLover_Hybrid,11600.0,43.25,Buy,GULF,2025-11-11 11:14:30
ORD00756,FemboyLover_Hybrid,11100.0,45.25,Buy,CPALL,2025-11-11 15:32:56
ORD00757,FemboyLover_Hybrid,11600.0,43.75,Sell,GULF,2025-11-11 11:14:36
ORD00758,FemboyLover_Hybrid,11600.0,43.25,Buy,GULF,2025-11-11 11:14:38
ORD00759,FemboyLover_Hybrid,11600.0,43.75,Sell,GULF,2025-11-11 11:14:42
ORD00760,FemboyLover_Hybrid,11600.0,43.25,Buy,GULF,2025-11-11 11:14:46
ORD00761,FemboyLover_Hybrid,11100.0,45.75,Sell,CPALL,2025-11-11 15:33:35
ORD00762,FemboyLover_Hybrid,11100.0,45.25,Buy,CPALL,2025-11-11 15:33:49
ORD00763,FemboyLover_Hybrid,11600.0,43.75,Sell,GULF,2025-11-11 11:14:55
ORD00764,FemboyLover_Hybrid,11600.0,43.25,Buy,GULF,2025-11-11 11:14:56
ORD00765,FemboyLover_Hybrid,11100.0,45.75,Sell,CPALL,2025-11-11 15:34:33
ORD00766,FemboyLover_Hybrid,11100.0,45.25,Buy,CPALL,2025-11-11 15:34:35
ORD00767,FemboyLover_Hybrid,11100.0,45.75,Sell,CPALL,2025-11-11 15:34:52
ORD00768,FemboyLover_Hybrid,11100.0,45.25,Buy,CPALL,2025-11-11 15:34:55
ORD00769,FemboyLover_Hybrid,11100.0,45.75,Sell,CPALL,2025-11-11 15:35:20
ORD00770,FemboyLover_Hybrid,11100.0,45.25,Buy,CPALL,2025-11-11 15:35:31
ORD00771,FemboyLover_Hybrid,11600.0,43.75,Sell,GULF,2025-11-11 11:15:12
ORD00772,FemboyLover_Hybrid,11600.0,43.25,Buy,GULF,2025-11-11 11:15:14
ORD00773,FemboyLover_Hybrid,11100.0,45.75,Sell,CPALL,2025-11-11 15:36:34
ORD00774,FemboyLover_Hybrid,11100.0,45.25,Buy,CPALL,2025-11-11 15:36:35
ORD00775,FemboyLover_Hybrid,11600.0,43.75,Sell,GULF,2025-11-11 11:15:37
ORD00776,FemboyLover_Hybrid,11600.0,43.25,Buy,GULF,2025-11-11 11:15:46
ORD00777,FemboyLover_Hybrid,11100.0,45.75,Sell,CPALL,2025-11-11 15:37:15
ORD00778,FemboyLover_Hybrid,11100.0,45.25,Buy,CPALL,2025-11-11 15:37:33
ORD00779,FemboyLover_Hybrid,11100.0,45.75,Sell,CPALL,2025-11-11 15:37:55
ORD00780,FemboyLover_Hybrid,11100.0,45.25,Buy,CPALL,2025-11-11 15:38:03
ORD00781,FemboyLover_Hybrid,11100.0,45.75,Sell,CPALL,2025-11-11 15:38:04
ORD00782,FemboyLover_Hybrid,11100.0,45.25,Buy,CPALL,2025-11-11 15:38:11
ORD00783,FemboyLover_Hybrid,11600.0,43.75,Sell,GULF,2025-11-11 11:16:23
ORD00784,FemboyLover_Hybrid,11600.0,43.25,Buy,GULF,2025-11-11 11:16:24
ORD00785,FemboyLover_Hybrid,11100.0,45.75,Sell,CPALL,2025-11-11 15:39:42
ORD00786,FemboyLover_Hybrid,11100.0,45.25,Buy,CPALL,2025-11-11 15:39:45
ORD00787,FemboyLover_Hybrid,11100.0,45.75,Sell,CPALL,2025-11-11 15:40:05
ORD00788,FemboyLover_Hybrid,11100.0,45.25,Buy,CPALL,2025-11-11 15:40:09
ORD00789,FemboyLover_Hybrid,11100.0,45.75,Sell,CPALL,2025-11-11 15:40:19
ORD00790,FemboyLover_Hybrid,11100.0,45.25,Buy,CPALL,2025-11-11 15:40:24
ORD00791,FemboyLover_Hybrid,11100.0,45.75,Sell,CPALL,2025-11-11 15:41:10
ORD00792,FemboyLover_Hybrid,11100.0,45.25,Buy,CPALL,2025-11-11 15:41:18
ORD00793,FemboyLover_Hybrid,11100.0,45.75,Sell,CPALL,2025-11-11 15:41:22
ORD00794,FemboyLover_Hybrid,11600.0,43.75,Sell,GULF,2025-11-11 11:17:06
ORD00795,FemboyLover_Hybrid,11600.0,43.25,Buy,GULF,2025-11-11 11:17:07
ORD00796,FemboyLover_Hybrid,11100.0,45.25,Buy,CPALL,2025-11-11 15:41:37
ORD00797,FemboyLover_Hybrid,11600.0,43.75,Sell,GULF,2025-11-11 11:17:11
ORD00798,FemboyLover_Hybrid,11600.0,43.25,Buy,GULF,2025-11-11 11:17:12
ORD00799,FemboyLover_Hybrid,11100.0,45.75,Sell,CPALL,2025-11-11 15:42:28
ORD00800,FemboyLover_Hybrid,11100.0,45.25,Buy,CPALL,2025-11-11 15:42:35
ORD00801,FemboyLover_Hybrid,11600.0,43.75,Sell,GULF,2025-11-11 11:17:53
ORD00802,FemboyLover_Hybrid,11600.0,43.25,Buy,GULF,2025-11-11 11:18:04
ORD00803,FemboyLover_Hybrid,11600.0,43.75,Sell,GULF,2025-11-11 11:18:06
ORD00804,FemboyLover_Hybrid,11100.0,45.75,Sell,CPALL,2025-11-11 15:43:33
ORD00805,FemboyLover_Hybrid,11600.0,43.25,Buy,GULF,2025-11-11 11:18:07
ORD00806,FemboyLover_Hybrid,11100.0,45.25,Buy,CPALL,2025-11-11 15:43:38
ORD00807,FemboyLover_Hybrid,11100.0,45.75,Sell,CPALL,2025-11-11 15:44:01
ORD00808,FemboyLover_Hybrid,11100.0,45.25,Buy,CPALL,2025-11-11 15:44:07
ORD00809,FemboyLover_Hybrid,23800.0,21.9,Sell,MINT,2025-11-11 13:58:27
ORD00810,FemboyLover_Hybrid,23800.0,21.1,Buy,MINT,2025-11-11 13:58:58
ORD00811,FemboyLover_Hybrid,11600.0,43.75,Sell,GULF,2025-11-11 11:18:44
ORD00812,FemboyLover_Hybrid,23800.0,21.9,Sell,MINT,2025-11-11 14:00:04
ORD00813,FemboyLover_Hybrid,11600.0,43.25,Buy,GULF,2025-11-11 11:18:45
ORD00814,FemboyLover_Hybrid,11100.0,45.75,Sell,CPALL,2025-11-11 15:45:18
ORD00815,FemboyLover_Hybrid,11100.0,45.25,Buy,CPALL,2025-11-11 15:45:35
ORD00816,FemboyLover_Hybrid,11600.0,43.75,Sell,GULF,2025-11-11 11:19:02
ORD00817,FemboyLover_Hybrid,11100.0,45.75,Sell,CPALL,2025-11-11 15:45:45
ORD00818,FemboyLover_Hybrid,11600.0,43.25,Buy,GULF,2025-11-11 11:19:02
ORD00819,FemboyLover_Hybrid,11100.0,45.25,Buy,CPALL,2025-11-11 15:45:55
ORD00820,FemboyLover_Hybrid,11600.0,43.75,Sell,GULF,2025-11-11 11:19:37
ORD00821,FemboyLover_Hybrid,11600.0,43.25,Buy,GULF,2025-11-11 11:19:41
ORD00822,FemboyLover_Hybrid,11100.0,45.75,Sell,CPALL,2025-11-11 15:46:25
ORD00823,FemboyLover_Hybrid,11100.0,45.25,Buy,CPALL,2025-11-11 15:46:31
ORD00824,FemboyLover_Hybrid,11100.0,45.75,Sell,CPALL,2025-11-11 15:47:21
ORD00825,FemboyLover_Hybrid,11100.0,45.25,Buy,CPALL,2025-11-11 15:47:26
ORD00826,FemboyLover_Hybrid,11600.0,43.75,Sell,GULF,2025-11-11 11:20:02
ORD00827,FemboyLover_Hybrid,11600.0,43.25,Buy,GULF,2025-11-11 11:20:11
ORD00828,FemboyLover_Hybrid,11100.0,45.75,Sell,CPALL,2025-11-11 15:47:47
ORD00829,FemboyLover_Hybrid,11100.0,45.25,Buy,CPALL,2025-11-11 15:47:51
ORD00830,FemboyLover_Hybrid,11100.0,45.75,Sell,CPALL,2025-11-11 15:47:55
ORD00831,FemboyLover_Hybrid,23800.0,21.1,Buy,MINT,2025-11-11 14:00:53
ORD00832,FemboyLover_Hybrid,23800.0,21.9,Sell,MINT,2025-11-11 14:01:05
ORD00833,FemboyLover_Hybrid,11100.0,45.25,Buy,CPALL,2025-11-11 15:48:07
ORD00834,FemboyLover_Hybrid,23800.0,21.1,Buy,MINT,2025-11-11 14:03:25
ORD00835,FemboyLover_Hybrid,23800.0,21.9,Sell,MINT,2025-11-11 14:04:06
ORD00836,FemboyLover_Hybrid,11100.0,45.75,Sell,CPALL,2025-11-11 15:48:43
ORD00837,FemboyLover_Hybrid,11100.0,45.25,Buy,CPALL,2025-11-11 15:48:55
ORD00838,FemboyLover_Hybrid,11100.0,45.75,Sell,CPALL,2025-11-11 15:49:13
ORD00839,FemboyLover_Hybrid,23800.0,21.1,Buy,MINT,2025-11-11 14:05:28
ORD00840,FemboyLover_Hybrid,11100.0,45.25,Buy,CPALL,2025-11-11 15:49:15
ORD00841,FemboyLover_Hybrid,23800.0,21.9,Sell,MINT,2025-11-11 14:05:58
ORD00842,FemboyLover_Hybrid,23800.0,21.1,Buy,MINT,2025-11-11 14:06:18
ORD00843,FemboyLover_Hybrid,11100.0,45.75,Sell,CPALL,2025-11-11 15:49:25
ORD00844,FemboyLover_Hybrid,23800.0,21.9,Sell,MINT,2025-11-11 14:06:31
ORD00845,FemboyLover_Hybrid,23800.0,21.1,Buy,MINT,2025-11-11 14:06:56
ORD00846,FemboyLover_Hybrid,11100.0,45.25,Buy,CPALL,2025-11-11 15:49:31
ORD00847,FemboyLover_Hybrid,23800.0,21.9,Sell,MINT,2025-11-11 14:07:01
ORD00848,FemboyLover_Hybrid,11100.0,45.75,Sell,CPALL,2025-11-11 15:50:19
ORD00849,FemboyLover_Hybrid,11600.0,43.75,Sell,GULF,2025-11-11 11:21:06
ORD00850,FemboyLover_Hybrid,23800.0,21.1,Buy,MINT,2025-11-11 14:07:24
ORD00851,FemboyLover_Hybrid,11600.0,43.25,Buy,GULF,2025-11-11 11:21:16
ORD00852,FemboyLover_Hybrid,23800.0,21.9,Sell,MINT,2025-11-11 14:07:51
ORD00853,FemboyLover_Hybrid,11100.0,45.25,Buy,CPALL,2025-11-11 15:50:29
ORD00854,FemboyLover_Hybrid,11100.0,45.75,Sell,CPALL,2025-11-11 15:50:50
ORD00855,FemboyLover_Hybrid,11100.0,45.25,Buy,CPALL,2025-11-11 15:51:06
ORD00856,FemboyLover_Hybrid,11100.0,45.75,Sell,CPALL,2025-11-11 15:51:17
ORD00857,FemboyLover_Hybrid,11600.0,43.75,Sell,GULF,2025-11-11 11:21:19
ORD00858,FemboyLover_Hybrid,11100.0,45.25,Buy,CPALL,2025-11-11 15:51:24
ORD00859,FemboyLover_Hybrid,11600.0,43.25,Buy,GULF,2025-11-11 11:21:21
ORD00860,FemboyLover_Hybrid,11100.0,45.75,Sell,CPALL,2025-11-11 15:51:26
ORD00861,FemboyLover_Hybrid,11100.0,45.25,Buy,CPALL,2025-11-11 15:51:42
ORD00862,FemboyLover_Hybrid,11100.0,45.75,Sell,CPALL,2025-11-11 15:51:50
ORD00863,FemboyLover_Hybrid,11100.0,45.25,Buy,CPALL,2025-11-11 15:51:57
ORD00864,FemboyLover_Hybrid,23800.0,21.1,Buy,MINT,2025-11-11 14:11:38
ORD00865,FemboyLover_Hybrid,11100.0,45.75,Sell,CPALL,2025-11-11 15:52:06
ORD00866,FemboyLover_Hybrid,23800.0,21.9,Sell,MINT,2025-11-11 14:16:07
ORD00867,FemboyLover_Hybrid,11100.0,45.25,Buy,CPALL,2025-11-11 15:52:17
ORD00868,FemboyLover_Hybrid,11100.0,45.75,Sell,CPALL,2025-11-11 15:52:31
ORD00869,FemboyLover_Hybrid,23800.0,21.1,Buy,MINT,2025-11-11 14:17:29
ORD00870,FemboyLover_Hybrid,11100.0,45.25,Buy,CPALL,2025-11-11 15:52:35
ORD00871,FemboyLover_Hybrid,23800.0,21.9,Sell,MINT,2025-11-11 14:18:05
ORD00872,FemboyLover_Hybrid,11100.0,45.75,Sell,CPALL,2025-11-11 15:52:36
ORD00873,FemboyLover_Hybrid,11100.0,45.25,Buy,CPALL,2025-11-11 15:52:55
ORD00874,FemboyLover_Hybrid,11100.0,45.75,Sell,CPALL,2025-11-11 15:53:29
ORD00875,FemboyLover_Hybrid,11600.0,43.75,Sell,GULF,2025-11-11 11:22:07
ORD00876,FemboyLover_Hybrid,11100.0,45.25,Buy,CPALL,2025-11-11 15:53:31
ORD00877,FemboyLover_Hybrid,11600.0,43.25,Buy,GULF,2025-11-11 11:22:08
ORD00878,FemboyLover_Hybrid,11100.0,45.75,Sell,CPALL,2025-11-11 15:53:42
ORD00879,FemboyLover_Hybrid,11100.0,45.25,Buy,CPALL,2025-11-11 15:53:50
ORD00880,FemboyLover_Hybrid,11100.0,45.75,Sell,CPALL,2025-11-11 15:54:11
ORD00881,FemboyLover_Hybrid,11100.0,45.25,Buy,CPALL,2025-11-11 15:54:15
ORD00882,FemboyLover_Hybrid,11100.0,45.75,Sell,CPALL,2025-11-11 15:54:35
ORD00883,FemboyLover_Hybrid,11100.0,45.25,Buy,CPALL,2025-11-11 15:54:37
ORD00884,FemboyLover_Hybrid,11100.0,45.75,Sell,CPALL,2025-11-11 15:54:51
ORD00885,FemboyLover_Hybrid,11100.0,45.25,Buy,CPALL,2025-11-11 15:54:59
ORD00886,FemboyLover_Hybrid,11100.0,45.75,Sell,CPALL,2025-11-11 15:55:03
ORD00887,FemboyLover_Hybrid,11100.0,45.25,Buy,CPALL,2025-11-11 15:55:15
ORD00888,FemboyLover_Hybrid,11100.0,45.75,Sell,CPALL,2025-11-11 15:55:28
ORD00889,FemboyLover_Hybrid,23800.0,21.1,Buy,MINT,2025-11-11 14:23:21
ORD00890,FemboyLover_Hybrid,11100.0,45.25,Buy,CPALL,2025-11-11 15:55:31
ORD00891,FemboyLover_Hybrid,23800.0,21.9,Sell,MINT,2025-11-11 14:23:21
ORD00892,FemboyLover_Hybrid,11100.0,45.75,Sell,CPALL,2025-11-11 15:55:35
ORD00893,FemboyLover_Hybrid,11100.0,45.25,Buy,CPALL,2025-11-11 15:55:50
ORD00894,FemboyLover_Hybrid,11600.0,43.75,Sell,GULF,2025-11-11 11:23:06
ORD00895,FemboyLover_Hybrid,11100.0,45.75,Sell,CPALL,2025-11-11 15:56:06
ORD00896,FemboyLover_Hybrid,11100.0,45.25,Buy,CPALL,2025-11-11 15:56:08
ORD00897,FemboyLover_Hybrid,11100.0,45.75,Sell,CPALL,2025-11-11 15:56:08
ORD00898,FemboyLover_Hybrid,11100.0,45.25,Buy,CPALL,2025-11-11 15:56:23
ORD00899,FemboyLover_Hybrid,11100.0,45.75,Sell,CPALL,2025-11-11 15:56:35
ORD00900,FemboyLover_Hybrid,11100.0,45.25,Buy,CPALL,2025-11-11 15:56:40
ORD00901,FemboyLover_Hybrid,11100.0,45.75,Sell,CPALL,2025-11-11 15:57:12
ORD00902,FemboyLover_Hybrid,11100.0,45.25,Buy,CPALL,2025-11-11 15:57:15
ORD00903,FemboyLover_Hybrid,11600.0,43.25,Buy,GULF,2025-11-11 11:23:11
ORD00904,FemboyLover_Hybrid,11100.0,45.75,Sell,CPALL,2025-11-11 15:57:36
ORD00905,FemboyLover_Hybrid,23800.0,21.1,Buy,MINT,2025-11-11 14:29:11
ORD00906,FemboyLover_Hybrid,23800.0,21.9,Sell,MINT,2025-11-11 14:29:24
ORD00907,FemboyLover_Hybrid,23800.0,21.1,Buy,MINT,2025-11-11 14:29:26
ORD00908,FemboyLover_Hybrid,11100.0,45.25,Buy,CPALL,2025-11-11 15:58:08
ORD00909,FemboyLover_Hybrid,23800.0,21.9,Sell,MINT,2025-11-11 14:29:48
ORD00910,FemboyLover_Hybrid,11100.0,45.75,Sell,CPALL,2025-11-11 15:58:52
ORD00911,FemboyLover_Hybrid,11100.0,45.25,Buy,CPALL,2025-11-11 15:59:00
ORD00912,FemboyLover_Hybrid,11100.0,45.75,Sell,CPALL,2025-11-11 15:59:24
ORD00913,FemboyLover_Hybrid,11100.0,45.25,Buy,CPALL,2025-11-11 15:59:35
ORD00914,FemboyLover_Hybrid,23800.0,21.1,Buy,MINT,2025-11-11 14:33:10
ORD00915,FemboyLover_Hybrid,11100.0,45.75,Sell,CPALL,2025-11-11 15:59:40
ORD00916,FemboyLover_Hybrid,11100.0,45.25,Buy,CPALL,2025-11-11 15:59:42
ORD00917,FemboyLover_Hybrid,11100.0,45.75,Sell,CPALL,2025-11-11 15:59:50
ORD00918,FemboyLover_Hybrid,23800.0,21.9,Sell,MINT,2025-11-11 14:33:20
ORD00919,FemboyLover_Hybrid,11100.0,45.25,Buy,CPALL,2025-11-11 16:00:15
ORD00920,FemboyLover_Hybrid,11100.0,45.75,Sell,CPALL,2025-11-11 16:00:16
ORD00921,FemboyLover_Hybrid,23800.0,21.1,Buy,MINT,2025-11-11 14:33:53
ORD00922,FemboyLover_Hybrid,23800.0,21.9,Sell,MINT,2025-11-11 14:34:40
ORD00923,FemboyLover_Hybrid,23800.0,21.1,Buy,MINT,2025-11-11 14:34:44
ORD00924,FemboyLover_Hybrid,11100.0,45.25,Buy,CPALL,2025-11-11 16:01:18
ORD00925,FemboyLover_Hybrid,23800.0,21.9,Sell,MINT,2025-11-11 14:35:12
ORD00926,FemboyLover_Hybrid,11100.0,45.75,Sell,CPALL,2025-11-11 16:01:24
ORD00927,FemboyLover_Hybrid,11100.0,45.25,Buy,CPALL,2025-11-11 16:01:32
ORD00928,FemboyLover_Hybrid,23800.0,21.1,Buy,MINT,2025-11-11 14:35:16
ORD00929,FemboyLover_Hybrid,11100.0,45.75,Sell,CPALL,2025-11-11 16:01:38
ORD00930,FemboyLover_Hybrid,23800.0,21.9,Sell,MINT,2025-11-11 14:35:16
ORD00931,FemboyLover_Hybrid,11100.0,45.25,Buy,CPALL,2025-11-11 16:01:43
ORD00932,FemboyLover_Hybrid,23800.0,21.1,Buy,MINT,2025-11-11 14:35:35
ORD00933,FemboyLover_Hybrid,11100.0,45.75,Sell,CPALL,2025-11-11 16:01:45
ORD00934,FemboyLover_Hybrid,23800.0,21.9,Sell,MINT,2025-11-11 14:35:43
ORD00935,FemboyLover_Hybrid,11100.0,45.25,Buy,CPALL,2025-11-11 16:02:02
ORD00936,FemboyLover_Hybrid,23800.0,21.1,Buy,MINT,2025-11-11 14:35:53
ORD00937,FemboyLover_Hybrid,23800.0,21.9,Sell,MINT,2025-11-11 14:36:25
ORD00938,FemboyLover_Hybrid,11100.0,45.75,Sell,CPALL,2025-11-11 16:02:22
ORD00939,FemboyLover_Hybrid,23800.0,21.1,Buy,MINT,2025-11-11 14:36:27
ORD00940,FemboyLover_Hybrid,23800.0,21.9,Sell,MINT,2025-11-11 14:36:44
ORD00941,FemboyLover_Hybrid,23800.0,21.1,Buy,MINT,2025-11-11 14:36:44
ORD00942,FemboyLover_Hybrid,23800.0,21.9,Sell,MINT,2025-11-11 14:37:00
ORD00943,FemboyLover_Hybrid,11100.0,45.25,Buy,CPALL,2025-11-11 16:03:06
ORD00944,FemboyLover_Hybrid,11100.0,45.75,Sell,CPALL,2025-11-11 16:03:24
ORD00945,FemboyLover_Hybrid,23800.0,21.1,Buy,MINT,2025-11-11 14:37:02
ORD00946,FemboyLover_Hybrid,11100.0,45.25,Buy,CPALL,2025-11-11 16:03:36
ORD00947,FemboyLover_Hybrid,11100.0,45.75,Sell,CPALL,2025-11-11 16:03:52
ORD00948,FemboyLover_Hybrid,23800.0,21.9,Sell,MINT,2025-11-11 14:37:52
ORD00949,FemboyLover_Hybrid,23800.0,21.1,Buy,MINT,2025-11-11 14:37:54
ORD00950,FemboyLover_Hybrid,23800.0,21.9,Sell,MINT,2025-11-11 14:38:13
ORD00951,FemboyLover_Hybrid,11100.0,45.25,Buy,CPALL,2025-11-11 16:04:48
ORD00952,FemboyLover_Hybrid,11100.0,45.75,Sell,CPALL,2025-11-11 16:04:52
ORD00953,FemboyLover_Hybrid,23800.0,21.1,Buy,MINT,2025-11-11 14:38:27
ORD00954,FemboyLover_Hybrid,23800.0,21.9,Sell,MINT,2025-11-11 14:39:16
ORD00955,FemboyLover_Hybrid,23800.0,21.1,Buy,MINT,2025-11-11 14:39:20
ORD00956,FemboyLover_Hybrid,11100.0,45.25,Buy,CPALL,2025-11-11 16:06:01
ORD00957,FemboyLover_Hybrid,11100.0,45.75,Sell,CPALL,2025-11-11 16:06:17
ORD00958,FemboyLover_Hybrid,11100.0,45.25,Buy,CPALL,2025-11-11 16:06:28
ORD00959,FemboyLover_Hybrid,11100.0,45.75,Sell,CPALL,2025-11-11 16:06:45
ORD00960,FemboyLover_Hybrid,11100.0,45.25,Buy,CPALL,2025-11-11 16:06:45
ORD00961,FemboyLover_Hybrid,11100.0,45.75,Sell,CPALL,2025-11-11 16:06:47
ORD00962,FemboyLover_Hybrid,11100.0,45.25,Buy,CPALL,2025-11-11 16:07:06
ORD00963,FemboyLover_Hybrid,11100.0,45.75,Sell,CPALL,2025-11-11 16:07:07
ORD00964,FemboyLover_Hybrid,11100.0,45.25,Buy,CPALL,2025-11-11 16:08:14
ORD00965,FemboyLover_Hybrid,11100.0,45.75,Sell,CPALL,2025-11-11 16:08:22
ORD00966,FemboyLover_Hybrid,11600.0,43.75,Sell,GULF,2025-11-11 11:25:37
ORD00967,FemboyLover_Hybrid,11600.0,43.25,Buy,GULF,2025-11-11 11:25:49
ORD00968,FemboyLover_Hybrid,23800.0,21.9,Sell,MINT,2025-11-11 14:40:41
ORD00969,FemboyLover_Hybrid,23800.0,21.1,Buy,MINT,2025-11-11 14:40:45
ORD00970,FemboyLover_Hybrid,11100.0,45.25,Buy,CPALL,2025-11-11 16:09:49
ORD00971,FemboyLover_Hybrid,11100.0,45.75,Sell,CPALL,2025-11-11 16:09:51
ORD00972,FemboyLover_Hybrid,11100.0,45.25,Buy,CPALL,2025-11-11 16:09:56
ORD00973,FemboyLover_Hybrid,11100.0,45.75,Sell,CPALL,2025-11-11 16:09:57
ORD00974,FemboyLover_Hybrid,23800.0,21.9,Sell,MINT,2025-11-11 14:41:59
ORD00975,FemboyLover_Hybrid,11100.0,45.25,Buy,CPALL,2025-11-11 16:10:22
ORD00976,FemboyLover_Hybrid,23800.0,21.1,Buy,MINT,2025-11-11 14:42:02
ORD00977,FemboyLover_Hybrid,11100.0,45.75,Sell,CPALL,2025-11-11 16:10:23
ORD00978,FemboyLover_Hybrid,11100.0,45.25,Buy,CPALL,2025-11-11 16:11:01
ORD00979,FemboyLover_Hybrid,11100.0,45.75,Sell,CPALL,2025-11-11 16:11:12
ORD00980,FemboyLover_Hybrid,11100.0,45.25,Buy,CPALL,2025-11-11 16:11:23
ORD00981,FemboyLover_Hybrid,23800.0,21.9,Sell,MINT,2025-11-11 14:42:53
ORD00982,FemboyLover_Hybrid,11100.0,45.75,Sell,CPALL,2025-11-11 16:11:24
ORD00983,FemboyLover_Hybrid,23800.0,21.1,Buy,MINT,2025-11-11 14:42:53
ORD00984,FemboyLover_Hybrid,11100.0,45.25,Buy,CPALL,2025-11-11 16:11:29
ORD00985,FemboyLover_Hybrid,23800.0,21.9,Sell,MINT,2025-11-11 14:42:53
ORD00986,FemboyLover_Hybrid,11100.0,45.75,Sell,CPALL,2025-11-11 16:11:49
ORD00987,FemboyLover_Hybrid,23800.0,21.1,Buy,MINT,2025-11-11 14:43:09
ORD00988,FemboyLover_Hybrid,23800.0,21.9,Sell,MINT,2025-11-11 14:43:16
ORD00989,FemboyLover_Hybrid,23800.0,21.1,Buy,MINT,2025-11-11 14:43:25
ORD00990,FemboyLover_Hybrid,11600.0,43.75,Sell,GULF,2025-11-11 11:26:21
ORD00991,FemboyLover_Hybrid,11600.0,43.25,Buy,GULF,2025-11-11 11:26:21
ORD00992,FemboyLover_Hybrid,23800.0,21.9,Sell,MINT,2025-11-11 14:43:45
ORD00993,FemboyLover_Hybrid,11100.0,45.25,Buy,CPALL,2025-11-11 16:12:51
ORD00994,FemboyLover_Hybrid,11600.0,43.75,Sell,GULF,2025-11-11 11:26:48
ORD00995,FemboyLover_Hybrid,11600.0,43.25,Buy,GULF,2025-11-11 11:26:49
ORD00996,FemboyLover_Hybrid,23800.0,21.1,Buy,MINT,2025-11-11 14:45:22
ORD00997,FemboyLover_Hybrid,23800.0,21.9,Sell,MINT,2025-11-11 14:45:34
ORD00998,FemboyLover_Hybrid,11600.0,43.75,Sell,GULF,2025-11-11 11:27:11
ORD00999,FemboyLover_Hybrid,11600.0,43.25,Buy,GULF,2025-11-11 11:27:13
ORD01000,FemboyLover_Hybrid,11100.0,45.75,Sell,CPALL,2025-11-11 16:12:51
ORD01001,FemboyLover_Hybrid,11100.0,45.25,Buy,CPALL,2025-11-11 16:12:51
ORD01002,FemboyLover_Hybrid,11100.0,45.75,Sell,CPALL,2025-11-11 16:12:53
ORD01003,FemboyLover_Hybrid,11600.0,43.75,Sell,GULF,2025-11-11 11:28:47
ORD01004,FemboyLover_Hybrid,11100.0,45.25,Buy,CPALL,2025-11-11 16:12:55
ORD01005,FemboyLover_Hybrid,11600.0,43.25,Buy,GULF,2025-11-11 11:28:48
ORD01006,FemboyLover_Hybrid,11600.0,43.75,Sell,GULF,2025-11-11 11:29:27
ORD01007,FemboyLover_Hybrid,11600.0,43.25,Buy,GULF,2025-11-11 11:29:28
ORD01008,FemboyLover_Hybrid,11600.0,43.75,Sell,GULF,2025-11-11 11:29:39
ORD01009,FemboyLover_Hybrid,11600.0,43.25,Buy,GULF,2025-11-11 11:29:47
ORD01010,FemboyLover_Hybrid,11100.0,45.75,Sell,CPALL,2025-11-11 16:13:52
ORD01011,FemboyLover_Hybrid,11100.0,45.25,Buy,CPALL,2025-11-11 16:14:04
ORD01012,FemboyLover_Hybrid,11600.0,43.75,Sell,GULF,2025-11-11 11:30:12
ORD01013,FemboyLover_Hybrid,11600.0,43.25,Buy,GULF,2025-11-11 11:30:17
ORD01014,FemboyLover_Hybrid,11100.0,45.75,Sell,CPALL,2025-11-11 16:14:24
ORD01015,FemboyLover_Hybrid,11100.0,45.25,Buy,CPALL,2025-11-11 16:14:34
ORD01016,FemboyLover_Hybrid,11600.0,43.75,Sell,GULF,2025-11-11 11:30:41
ORD01017,FemboyLover_Hybrid,11600.0,43.25,Buy,GULF,2025-11-11 11:30:45
ORD01018,FemboyLover_Hybrid,11600.0,43.75,Sell,GULF,2025-11-11 11:31:21
ORD01019,FemboyLover_Hybrid,11600.0,43.25,Buy,GULF,2025-11-11 11:31:25
ORD01020,FemboyLover_Hybrid,11600.0,43.75,Sell,GULF,2025-11-11 11:31:51
ORD01021,FemboyLover_Hybrid,11600.0,43.25,Buy,GULF,2025-11-11 11:31:52
ORD01022,FemboyLover_Hybrid,11600.0,43.75,Sell,GULF,2025-11-11 11:32:10
ORD01023,FemboyLover_Hybrid,11600.0,43.25,Buy,GULF,2025-11-11 11:32:23
ORD01024,FemboyLover_Hybrid,11600.0,43.75,Sell,GULF,2025-11-11 11:32:36
ORD01025,FemboyLover_Hybrid,11600.0,43.25,Buy,GULF,2025-11-11 11:32:42
ORD01026,FemboyLover_Hybrid,11600.0,43.75,Sell,GULF,2025-11-11 11:32:45
ORD01027,FemboyLover_Hybrid,11600.0,43.25,Buy,GULF,2025-11-11 11:32:55
ORD01028,FemboyLover_Hybrid,11600.0,43.75,Sell,GULF,2025-11-11 11:33:03
ORD01029,FemboyLover_Hybrid,11600.0,43.25,Buy,GULF,2025-11-11 11:33:03
ORD01030,FemboyLover_Hybrid,23800.0,21.1,Buy,MINT,2025-11-11 14:52:37
ORD01031,FemboyLover_Hybrid,11600.0,43.75,Sell,GULF,2025-11-11 11:33:06
ORD01032,FemboyLover_Hybrid,11600.0,43.25,Buy,GULF,2025-11-11 11:33:18
ORD01033,FemboyLover_Hybrid,23800.0,21.9,Sell,MINT,2025-11-11 14:52:37
ORD01034,FemboyLover_Hybrid,23800.0,21.1,Buy,MINT,2025-11-11 14:52:37
ORD01035,FemboyLover_Hybrid,11600.0,43.75,Sell,GULF,2025-11-11 11:33:39
ORD01036,FemboyLover_Hybrid,11600.0,43.25,Buy,GULF,2025-11-11 11:33:43
ORD01037,FemboyLover_Hybrid,23800.0,21.9,Sell,MINT,2025-11-11 14:52:37
ORD01038,FemboyLover_Hybrid,23800.0,21.1,Buy,MINT,2025-11-11 14:52:37
ORD01039,FemboyLover_Hybrid,11600.0,43.75,Sell,GULF,2025-11-11 11:34:02
ORD01040,FemboyLover_Hybrid,11600.0,43.25,Buy,GULF,2025-11-11 11:34:04
ORD01041,FemboyLover_Hybrid,23800.0,21.9,Sell,MINT,2025-11-11 14:52:37
ORD01042,FemboyLover_Hybrid,11600.0,43.75,Sell,GULF,2025-11-11 11:34:19
ORD01043,FemboyLover_Hybrid,11600.0,43.25,Buy,GULF,2025-11-11 11:34:26
ORD01044,FemboyLover_Hybrid,23800.0,21.1,Buy,MINT,2025-11-11 14:54:07
ORD01045,FemboyLover_Hybrid,23800.0,21.9,Sell,MINT,2025-11-11 14:54:07
ORD01046,FemboyLover_Hybrid,23800.0,21.1,Buy,MINT,2025-11-11 14:58:01
ORD01047,FemboyLover_Hybrid,11600.0,43.75,Sell,GULF,2025-11-11 11:35:12
ORD01048,FemboyLover_Hybrid,23800.0,21.9,Sell,MINT,2025-11-11 14:59:04
ORD01049,FemboyLover_Hybrid,11600.0,43.25,Buy,GULF,2025-11-11 11:35:25
ORD01050,FemboyLover_Hybrid,11600.0,43.75,Sell,GULF,2025-11-11 11:35:58
ORD01051,FemboyLover_Hybrid,23800.0,21.1,Buy,MINT,2025-11-11 14:59:14
ORD01052,FemboyLover_Hybrid,11600.0,43.25,Buy,GULF,2025-11-11 11:36:05
ORD01053,FemboyLover_Hybrid,23800.0,21.9,Sell,MINT,2025-11-11 15:00:54
ORD01054,FemboyLover_Hybrid,11600.0,43.75,Sell,GULF,2025-11-11 11:36:18
ORD01055,FemboyLover_Hybrid,23800.0,21.1,Buy,MINT,2025-11-11 15:01:47
ORD01056,FemboyLover_Hybrid,11600.0,43.25,Buy,GULF,2025-11-11 11:36:22
ORD01057,FemboyLover_Hybrid,23800.0,21.9,Sell,MINT,2025-11-11 15:02:12
ORD01058,FemboyLover_Hybrid,11600.0,43.75,Sell,GULF,2025-11-11 11:36:27
ORD01059,FemboyLover_Hybrid,11600.0,43.25,Buy,GULF,2025-11-11 11:36:31
ORD01060,FemboyLover_Hybrid,23800.0,21.1,Buy,MINT,2025-11-11 15:02:20
ORD01061,FemboyLover_Hybrid,23800.0,21.9,Sell,MINT,2025-11-11 15:04:04
ORD01062,FemboyLover_Hybrid,23800.0,21.1,Buy,MINT,2025-11-11 15:04:19
ORD01063,FemboyLover_Hybrid,11600.0,43.75,Sell,GULF,2025-11-11 11:36:40
ORD01064,FemboyLover_Hybrid,11600.0,43.25,Buy,GULF,2025-11-11 11:36:49
ORD01065,FemboyLover_Hybrid,11600.0,43.75,Sell,GULF,2025-11-11 11:37:02
ORD01066,FemboyLover_Hybrid,23800.0,21.9,Sell,MINT,2025-11-11 15:06:20
ORD01067,FemboyLover_Hybrid,11600.0,43.25,Buy,GULF,2025-11-11 11:37:02
ORD01068,FemboyLover_Hybrid,11600.0,43.75,Sell,GULF,2025-11-11 11:37:07
ORD01069,FemboyLover_Hybrid,11600.0,43.25,Buy,GULF,2025-11-11 11:37:11
ORD01070,FemboyLover_Hybrid,23800.0,21.1,Buy,MINT,2025-11-11 15:08:01
ORD01071,FemboyLover_Hybrid,23800.0,21.9,Sell,MINT,2025-11-11 15:08:26
ORD01072,FemboyLover_Hybrid,23800.0,21.1,Buy,MINT,2025-11-11 15:09:04
ORD01073,FemboyLover_Hybrid,11600.0,43.75,Sell,GULF,2025-11-11 11:37:32
ORD01074,FemboyLover_Hybrid,23800.0,21.9,Sell,MINT,2025-11-11 15:09:09
ORD01075,FemboyLover_Hybrid,11600.0,43.25,Buy,GULF,2025-11-11 11:37:33
ORD01076,FemboyLover_Hybrid,23800.0,21.1,Buy,MINT,2025-11-11 15:09:15
ORD01077,FemboyLover_Hybrid,11600.0,43.75,Sell,GULF,2025-11-11 11:37:35
ORD01078,FemboyLover_Hybrid,23800.0,21.9,Sell,MINT,2025-11-11 15:09:35
ORD01079,FemboyLover_Hybrid,11600.0,43.25,Buy,GULF,2025-11-11 11:37:47
ORD01080,FemboyLover_Hybrid,23800.0,21.1,Buy,MINT,2025-11-11 15:10:20
ORD01081,FemboyLover_Hybrid,23800.0,21.9,Sell,MINT,2025-11-11 15:10:49
ORD01082,FemboyLover_Hybrid,23800.0,21.1,Buy,MINT,2025-11-11 15:12:36
ORD01083,FemboyLover_Hybrid,23800.0,21.9,Sell,MINT,2025-11-11 15:13:27
ORD01084,FemboyLover_Hybrid,23800.0,21.1,Buy,MINT,2025-11-11 15:14:50
ORD01085,FemboyLover_Hybrid,23800.0,21.9,Sell,MINT,2025-11-11 15:15:15
ORD01086,FemboyLover_Hybrid,11600.0,43.75,Sell,GULF,2025-11-11 11:38:32
ORD01087,FemboyLover_Hybrid,23800.0,21.1,Buy,MINT,2025-11-11 15:16:57
ORD01088,FemboyLover_Hybrid,11600.0,43.25,Buy,GULF,2025-11-11 11:38:43
ORD01089,FemboyLover_Hybrid,11600.0,43.75,Sell,GULF,2025-11-11 11:38:44
ORD01090,FemboyLover_Hybrid,11600.0,43.25,Buy,GULF,2025-11-11 11:38:46
ORD01091,FemboyLover_Hybrid,11600.0,43.75,Sell,GULF,2025-11-11 11:38:47
ORD01092,FemboyLover_Hybrid,11600.0,43.25,Buy,GULF,2025-11-11 11:38:48
ORD01093,FemboyLover_Hybrid,11600.0,43.75,Sell,GULF,2025-11-11 11:38:51
ORD01094,FemboyLover_Hybrid,11600.0,43.25,Buy,GULF,2025-11-11 11:39:01
ORD01095,FemboyLover_Hybrid,11100.0,45.75,Sell,CPALL,2025-11-11 16:20:02
ORD01096,FemboyLover_Hybrid,23800.0,21.9,Sell,MINT,2025-11-11 15:17:17
ORD01097,FemboyLover_Hybrid,11600.0,43.75,Sell,GULF,2025-11-11 11:40:34
ORD01098,FemboyLover_Hybrid,11600.0,43.25,Buy,GULF,2025-11-11 11:40:43
ORD01099,FemboyLover_Hybrid,11600.0,43.75,Sell,GULF,2025-11-11 11:40:46
ORD01100,FemboyLover_Hybrid,23800.0,21.1,Buy,MINT,2025-11-11 15:19:20
ORD01101,FemboyLover_Hybrid,23800.0,21.9,Sell,MINT,2025-11-11 15:19:27
ORD01102,FemboyLover_Hybrid,11600.0,43.25,Buy,GULF,2025-11-11 11:40:55
ORD01103,FemboyLover_Hybrid,23800.0,21.1,Buy,MINT,2025-11-11 15:19:37
ORD01104,FemboyLover_Hybrid,11600.0,43.75,Sell,GULF,2025-11-11 11:41:21
ORD01105,FemboyLover_Hybrid,23800.0,21.9,Sell,MINT,2025-11-11 15:20:09
ORD01106,FemboyLover_Hybrid,23800.0,21.1,Buy,MINT,2025-11-11 15:21:56
ORD01107,FemboyLover_Hybrid,23800.0,21.9,Sell,MINT,2025-11-11 15:23:04
ORD01108,FemboyLover_Hybrid,11600.0,43.25,Buy,GULF,2025-11-11 11:41:28
ORD01109,FemboyLover_Hybrid,23800.0,21.1,Buy,MINT,2025-11-11 15:24:16
ORD01110,FemboyLover_Hybrid,11600.0,43.75,Sell,GULF,2025-11-11 11:41:28
ORD01111,FemboyLover_Hybrid,23800.0,21.9,Sell,MINT,2025-11-11 15:24:30
ORD01112,FemboyLover_Hybrid,23800.0,21.1,Buy,MINT,2025-11-11 15:25:37
ORD01113,FemboyLover_Hybrid,11600.0,43.25,Buy,GULF,2025-11-11 11:41:59
ORD01114,FemboyLover_Hybrid,23800.0,21.9,Sell,MINT,2025-11-11 15:26:24
ORD01115,FemboyLover_Hybrid,11600.0,43.75,Sell,GULF,2025-11-11 11:42:14
ORD01116,FemboyLover_Hybrid,11600.0,43.25,Buy,GULF,2025-11-11 11:42:25
ORD01117,FemboyLover_Hybrid,11600.0,43.75,Sell,GULF,2025-11-11 11:42:31
ORD01118,FemboyLover_Hybrid,23800.0,21.1,Buy,MINT,2025-11-11 15:26:33
ORD01119,FemboyLover_Hybrid,11600.0,43.25,Buy,GULF,2025-11-11 11:42:53
ORD01120,FemboyLover_Hybrid,23800.0,21.9,Sell,MINT,2025-11-11 15:26:44
ORD01121,FemboyLover_Hybrid,11600.0,43.75,Sell,GULF,2025-11-11 11:42:54
ORD01122,FemboyLover_Hybrid,11600.0,43.25,Buy,GULF,2025-11-11 11:43:19
ORD01123,FemboyLover_Hybrid,23800.0,21.1,Buy,MINT,2025-11-11 15:27:30
ORD01124,FemboyLover_Hybrid,11600.0,43.75,Sell,GULF,2025-11-11 11:43:20
ORD01125,FemboyLover_Hybrid,23800.0,21.9,Sell,MINT,2025-11-11 15:27:59
ORD01126,FemboyLover_Hybrid,11600.0,43.25,Buy,GULF,2025-11-11 11:43:21
ORD01127,FemboyLover_Hybrid,11600.0,43.75,Sell,GULF,2025-11-11 11:43:33
ORD01128,FemboyLover_Hybrid,11600.0,43.25,Buy,GULF,2025-11-11 11:43:33
ORD01129,FemboyLover_Hybrid,23800.0,21.1,Buy,MINT,2025-11-11 15:28:46
ORD01130,FemboyLover_Hybrid,23800.0,21.9,Sell,MINT,2025-11-11 15:29:00
ORD01131,FemboyLover_Hybrid,11600.0,43.75,Sell,GULF,2025-11-11 11:43:49
ORD01132,FemboyLover_Hybrid,11600.0,43.25,Buy,GULF,2025-11-11 11:44:07
ORD01133,FemboyLover_Hybrid,11600.0,43.75,Sell,GULF,2025-11-11 11:44:11
ORD01134,FemboyLover_Hybrid,11600.0,43.25,Buy,GULF,2025-11-11 11:44:41
ORD01135,FemboyLover_Hybrid,11600.0,43.75,Sell,GULF,2025-11-11 11:44:41
ORD01136,FemboyLover_Hybrid,11600.0,43.25,Buy,GULF,2025-11-11 11:45:06
ORD01137,FemboyLover_Hybrid,11600.0,43.75,Sell,GULF,2025-11-11 11:45:06
ORD01138,FemboyLover_Hybrid,11600.0,43.25,Buy,GULF,2025-11-11 11:45:34
ORD01139,FemboyLover_Hybrid,11600.0,43.75,Sell,GULF,2025-11-11 11:46:22
ORD01140,FemboyLover_Hybrid,11600.0,43.25,Buy,GULF,2025-11-11 11:46:49
ORD01141,FemboyLover_Hybrid,11600.0,43.75,Sell,GULF,2025-11-11 11:47:05
ORD01142,FemboyLover_Hybrid,11600.0,43.25,Buy,GULF,2025-11-11 11:47:12
ORD01143,FemboyLover_Hybrid,11600.0,43.75,Sell,GULF,2025-11-11 11:47:15
ORD01144,FemboyLover_Hybrid,11600.0,43.25,Buy,GULF,2025-11-11 11:47:40
ORD01145,FemboyLover_Hybrid,11600.0,43.75,Sell,GULF,2025-11-11 11:47:59
ORD01146,FemboyLover_Hybrid,11600.0,43.25,Buy,GULF,2025-11-11 11:48:04
ORD01147,FemboyLover_Hybrid,11600.0,43.75,Sell,GULF,2025-11-11 11:48:25
ORD01148,FemboyLover_Hybrid,23800.0,21.1,Buy,MINT,2025-11-11 15:29:43
ORD01149,FemboyLover_Hybrid,11600.0,43.25,Buy,GULF,2025-11-11 11:48:27
ORD01150,FemboyLover_Hybrid,23800.0,21.9,Sell,MINT,2025-11-11 15:30:01
ORD01151,FemboyLover_Hybrid,11600.0,43.75,Sell,GULF,2025-11-11 11:48:30
ORD01152,FemboyLover_Hybrid,11600.0,43.25,Buy,GULF,2025-11-11 11:49:00
ORD01153,FemboyLover_Hybrid,11600.0,43.75,Sell,GULF,2025-11-11 11:49:00
ORD01154,FemboyLover_Hybrid,23800.0,21.1,Buy,MINT,2025-11-11 15:33:29
ORD01155,FemboyLover_Hybrid,23800.0,21.9,Sell,MINT,2025-11-11 15:36:00
ORD01156,FemboyLover_Hybrid,23800.0,21.1,Buy,MINT,2025-11-11 15:38:09
ORD01157,FemboyLover_Hybrid,23800.0,21.9,Sell,MINT,2025-11-11 15:39:10
ORD01158,FemboyLover_Hybrid,23800.0,21.1,Buy,MINT,2025-11-11 15:40:24
ORD01159,FemboyLover_Hybrid,23800.0,21.9,Sell,MINT,2025-11-11 15:40:32
ORD01160,FemboyLover_Hybrid,23800.0,21.1,Buy,MINT,2025-11-11 15:42:35
ORD01161,FemboyLover_Hybrid,23800.0,21.9,Sell,MINT,2025-11-11 15:43:49
ORD01162,FemboyLover_Hybrid,23800.0,21.1,Buy,MINT,2025-11-11 15:45:03
ORD01163,FemboyLover_Hybrid,23800.0,21.9,Sell,MINT,2025-11-11 15:45:23
ORD01164,FemboyLover_Hybrid,23800.0,21.1,Buy,MINT,2025-11-11 15:47:27
ORD01165,FemboyLover_Hybrid,23800.0,21.9,Sell,MINT,2025-11-11 15:48:25
ORD01166,FemboyLover_Hybrid,23800.0,21.1,Buy,MINT,2025-11-11 15:49:42
ORD01167,FemboyLover_Hybrid,23800.0,21.9,Sell,MINT,2025-11-11 15:49:46
ORD01168,FemboyLover_Hybrid,23800.0,21.1,Buy,MINT,2025-11-11 15:49:58
ORD01169,FemboyLover_Hybrid,23800.0,21.9,Sell,MINT,2025-11-11 15:50:34
ORD01170,FemboyLover_Hybrid,23800.0,21.1,Buy,MINT,2025-11-11 15:50:34
ORD01171,FemboyLover_Hybrid,23800.0,21.9,Sell,MINT,2025-11-11 15:50:48
ORD01172,FemboyLover_Hybrid,23800.0,21.1,Buy,MINT,2025-11-11 15:51:03
ORD01173,FemboyLover_Hybrid,23800.0,21.9,Sell,MINT,2025-11-11 15:52:52
ORD01174,FemboyLover_Hybrid,23800.0,21.1,Buy,MINT,2025-11-11 15:53:08
ORD01175,FemboyLover_Hybrid,23800.0,21.9,Sell,MINT,2025-11-11 15:53:31
ORD01176,FemboyLover_Hybrid,23800.0,21.1,Buy,MINT,2025-11-11 15:53:36
ORD01177,FemboyLover_Hybrid,23800.0,21.9,Sell,MINT,2025-11-11 15:54:35
ORD01178,FemboyLover_Hybrid,23800.0,21.1,Buy,MINT,2025-11-11 15:56:43
ORD01179,FemboyLover_Hybrid,23800.0,21.9,Sell,MINT,2025-11-11 15:57:10
ORD01180,FemboyLover_Hybrid,23800.0,21.1,Buy,MINT,2025-11-11 15:57:54
ORD01181,FemboyLover_Hybrid,23800.0,21.9,Sell,MINT,2025-11-11 15:58:03
ORD01182,FemboyLover_Hybrid,23800.0,21.1,Buy,MINT,2025-11-11 15:58:07
ORD01183,FemboyLover_Hybrid,23800.0,21.9,Sell,MINT,2025-11-11 15:59:52
ORD01184,FemboyLover_Hybrid,23800.0,21.1,Buy,MINT,2025-11-11 16:00:04
ORD01185,FemboyLover_Hybrid,11600.0,43.25,Buy,GULF,2025-11-11 12:21:37
ORD01186,FemboyLover_Hybrid,11600.0,43.75,Sell,GULF,2025-11-11 12:21:41
ORD01187,FemboyLover_Hybrid,23800.0,21.9,Sell,MINT,2025-11-11 16:00:44
ORD01188,FemboyLover_Hybrid,23800.0,21.1,Buy,MINT,2025-11-11 16:00:53
ORD01189,FemboyLover_Hybrid,23800.0,21.9,Sell,MINT,2025-11-11 16:00:53
ORD01190,FemboyLover_Hybrid,23800.0,21.1,Buy,MINT,2025-11-11 16:01:13
ORD01191,FemboyLover_Hybrid,23800.0,21.9,Sell,MINT,2025-11-11 16:01:34
ORD01192,FemboyLover_Hybrid,23800.0,21.1,Buy,MINT,2025-11-11 16:01:49
ORD01193,FemboyLover_Hybrid,23800.0,21.9,Sell,MINT,2025-11-11 16:03:03
ORD01194,FemboyLover_Hybrid,11600.0,43.25,Buy,GULF,2025-11-11 12:21:47
ORD01195,FemboyLover_Hybrid,11600.0,43.75,Sell,GULF,2025-11-11 12:21:47
ORD01196,FemboyLover_Hybrid,11600.0,43.25,Buy,GULF,2025-11-11 12:21:57
ORD01197,FemboyLover_Hybrid,11600.0,43.75,Sell,GULF,2025-11-11 12:22:01
ORD01198,FemboyLover_Hybrid,11600.0,43.25,Buy,GULF,2025-11-11 12:22:05
ORD01199,FemboyLover_Hybrid,23800.0,21.1,Buy,MINT,2025-11-11 16:08:34
ORD01200,FemboyLover_Hybrid,23800.0,21.9,Sell,MINT,2025-11-11 16:08:56
ORD01201,FemboyLover_Hybrid,11600.0,43.75,Sell,GULF,2025-11-11 12:22:49
ORD01202,FemboyLover_Hybrid,11600.0,43.25,Buy,GULF,2025-11-11 12:23:00
ORD01203,FemboyLover_Hybrid,23800.0,21.1,Buy,MINT,2025-11-11 16:11:17
ORD01204,FemboyLover_Hybrid,23800.0,21.9,Sell,MINT,2025-11-11 16:12:02
ORD01205,FemboyLover_Hybrid,11600.0,43.75,Sell,GULF,2025-11-11 12:24:17
ORD01206,FemboyLover_Hybrid,23800.0,21.1,Buy,MINT,2025-11-11 16:12:11
ORD01207,FemboyLover_Hybrid,11600.0,43.25,Buy,GULF,2025-11-11 12:24:17
ORD01208,FemboyLover_Hybrid,23800.0,21.9,Sell,MINT,2025-11-11 16:12:28
ORD01209,FemboyLover_Hybrid,23800.0,21.1,Buy,MINT,2025-11-11 16:12:29
ORD01210,FemboyLover_Hybrid,23800.0,21.9,Sell,MINT,2025-11-11 16:12:29
ORD01211,FemboyLover_Hybrid,11600.0,43.75,Sell,GULF,2025-11-11 12:25:16
ORD01212,FemboyLover_Hybrid,23800.0,21.1,Buy,MINT,2025-11-11 16:12:48
ORD01213,FemboyLover_Hybrid,11600.0,43.25,Buy,GULF,2025-11-11 12:25:22
ORD01214,FemboyLover_Hybrid,11600.0,43.75,Sell,GULF,2025-11-11 12:25:22
ORD01215,FemboyLover_Hybrid,11600.0,43.25,Buy,GULF,2025-11-11 12:25:35
ORD01216,FemboyLover_Hybrid,23800.0,21.9,Sell,MINT,2025-11-11 16:12:57
ORD01217,FemboyLover_Hybrid,23800.0,21.1,Buy,MINT,2025-11-11 16:13:04
ORD01218,FemboyLover_Hybrid,23800.0,21.9,Sell,MINT,2025-11-11 16:13:10
ORD01219,FemboyLover_Hybrid,23800.0,21.1,Buy,MINT,2025-11-11 16:13:19
ORD01220,FemboyLover_Hybrid,23800.0,21.9,Sell,MINT,2025-11-11 16:13:23
ORD01221,FemboyLover_Hybrid,23800.0,21.1,Buy,MINT,2025-11-11 16:13:35
ORD01222,FemboyLover_Hybrid,11600.0,43.75,Sell,GULF,2025-11-11 12:26:14
ORD01223,FemboyLover_Hybrid,23800.0,21.9,Sell,MINT,2025-11-11 16:13:53
ORD01224,FemboyLover_Hybrid,11600.0,43.25,Buy,GULF,2025-11-11 12:26:36
ORD01225,FemboyLover_Hybrid,23800.0,21.1,Buy,MINT,2025-11-11 16:13:53
ORD01226,FemboyLover_Hybrid,11600.0,43.75,Sell,GULF,2025-11-11 12:26:58
ORD01227,FemboyLover_Hybrid,23800.0,21.9,Sell,MINT,2025-11-11 16:14:21
ORD01228,FemboyLover_Hybrid,11600.0,43.25,Buy,GULF,2025-11-11 12:27:02
ORD01229,FemboyLover_Hybrid,23800.0,21.1,Buy,MINT,2025-11-11 16:14:29
ORD01230,FemboyLover_Hybrid,23800.0,21.9,Sell,MINT,2025-11-11 16:14:32
ORD01231,FemboyLover_Hybrid,23800.0,21.1,Buy,MINT,2025-11-11 16:14:44
ORD01232,FemboyLover_Hybrid,23800.0,21.9,Sell,MINT,2025-11-11 16:14:49
ORD01233,FemboyLover_Hybrid,23800.0,21.1,Buy,MINT,2025-11-11 16:14:59
ORD01234,FemboyLover_Hybrid,11600.0,43.75,Sell,GULF,2025-11-11 12:27:35
ORD01235,FemboyLover_Hybrid,11600.0,43.25,Buy,GULF,2025-11-11 12:27:37
ORD01236,FemboyLover_Hybrid,23800.0,21.9,Sell,MINT,2025-11-11 16:15:22
ORD01237,FemboyLover_Hybrid,23800.0,21.1,Buy,MINT,2025-11-11 16:15:34
ORD01238,FemboyLover_Hybrid,11600.0,43.75,Sell,GULF,2025-11-11 12:27:41
ORD01239,FemboyLover_Hybrid,23800.0,21.9,Sell,MINT,2025-11-11 16:15:55
ORD01240,FemboyLover_Hybrid,11600.0,43.25,Buy,GULF,2025-11-11 12:27:45
ORD01241,FemboyLover_Hybrid,23800.0,21.1,Buy,MINT,2025-11-11 16:16:03
ORD01242,FemboyLover_Hybrid,11600.0,43.75,Sell,GULF,2025-11-11 12:28:42
ORD01243,FemboyLover_Hybrid,11600.0,43.25,Buy,GULF,2025-11-11 12:28:47
ORD01244,FemboyLover_Hybrid,23800.0,21.9,Sell,MINT,2025-11-11 16:16:25
ORD01245,FemboyLover_Hybrid,11600.0,43.75,Sell,GULF,2025-11-11 12:29:09
ORD01246,FemboyLover_Hybrid,11600.0,43.25,Buy,GULF,2025-11-11 12:29:12
ORD01247,FemboyLover_Hybrid,23800.0,21.1,Buy,MINT,2025-11-11 16:16:39
ORD01248,FemboyLover_Hybrid,11600.0,43.75,Sell,GULF,2025-11-11 12:29:26
ORD01249,FemboyLover_Hybrid,23800.0,21.9,Sell,MINT,2025-11-11 16:17:00
ORD01250,FemboyLover_Hybrid,11600.0,43.25,Buy,GULF,2025-11-11 12:29:30
ORD01251,FemboyLover_Hybrid,23800.0,21.1,Buy,MINT,2025-11-11 16:17:13
ORD01252,FemboyLover_Hybrid,23800.0,21.9,Sell,MINT,2025-11-11 16:17:35
ORD01253,FemboyLover_Hybrid,11600.0,43.75,Sell,GULF,2025-11-11 12:29:36
ORD01254,FemboyLover_Hybrid,23800.0,21.1,Buy,MINT,2025-11-11 16:17:44
ORD01255,FemboyLover_Hybrid,11600.0,43.25,Buy,GULF,2025-11-11 12:29:51
ORD01256,FemboyLover_Hybrid,23800.0,21.9,Sell,MINT,2025-11-11 16:18:04
ORD01257,FemboyLover_Hybrid,23800.0,21.1,Buy,MINT,2025-11-11 16:18:20
ORD01258,FemboyLover_Hybrid,23800.0,21.9,Sell,MINT,2025-11-11 16:18:29
ORD01259,FemboyLover_Hybrid,11600.0,43.75,Sell,GULF,2025-11-11 13:56:06
ORD01260,FemboyLover_Hybrid,23800.0,21.1,Buy,MINT,2025-11-11 16:18:39
ORD01261,FemboyLover_Hybrid,23800.0,21.9,Sell,MINT,2025-11-11 16:18:54
ORD01262,FemboyLover_Hybrid,23800.0,21.1,Buy,MINT,2025-11-11 16:18:56
ORD01263,FemboyLover_Hybrid,11600.0,43.25,Buy,GULF,2025-11-11 13:56:53
ORD01264,FemboyLover_Hybrid,23800.0,21.9,Sell,MINT,2025-11-11 16:19:03
ORD01265,FemboyLover_Hybrid,23800.0,21.1,Buy,MINT,2025-11-11 16:19:14
ORD01266,FemboyLover_Hybrid,23800.0,21.9,Sell,MINT,2025-11-11 16:19:33
ORD01267,FemboyLover_Hybrid,11600.0,43.75,Sell,GULF,2025-11-11 13:57:38
ORD01268,FemboyLover_Hybrid,11600.0,43.25,Buy,GULF,2025-11-11 13:58:19
ORD01269,FemboyLover_Hybrid,23800.0,21.1,Buy,MINT,2025-11-11 16:19:47
ORD01270,FemboyLover_Hybrid,23800.0,21.9,Sell,MINT,2025-11-11 16:19:48
ORD01271,FemboyLover_Hybrid,11600.0,43.75,Sell,GULF,2025-11-11 13:58:43
ORD01272,FemboyLover_Hybrid,11600.0,43.25,Buy,GULF,2025-11-11 13:59:10
ORD01273,FemboyLover_Hybrid,11600.0,43.75,Sell,GULF,2025-11-11 13:59:10
ORD01274,FemboyLover_Hybrid,11600.0,43.25,Buy,GULF,2025-11-11 13:59:59
ORD01275,FemboyLover_Hybrid,11600.0,43.75,Sell,GULF,2025-11-11 14:00:05
ORD01276,FemboyLover_Hybrid,11600.0,43.25,Buy,GULF,2025-11-11 14:00:16
ORD01277,FemboyLover_Hybrid,11600.0,43.75,Sell,GULF,2025-11-11 14:01:30
ORD01278,FemboyLover_Hybrid,11600.0,43.25,Buy,GULF,2025-11-11 14:01:30
ORD01279,FemboyLover_Hybrid,11600.0,43.75,Sell,GULF,2025-11-11 14:02:02
ORD01280,FemboyLover_Hybrid,11600.0,43.25,Buy,GULF,2025-11-11 14:02:04
ORD01281,FemboyLover_Hybrid,11600.0,43.75,Sell,GULF,2025-11-11 14:02:22
ORD01282,FemboyLover_Hybrid,11600.0,43.25,Buy,GULF,2025-11-11 14:02:35
ORD01283,FemboyLover_Hybrid,11600.0,43.75,Sell,GULF,2025-11-11 14:03:13
ORD01284,FemboyLover_Hybrid,11600.0,43.25,Buy,GULF,2025-11-11 14:03:14
ORD01285,FemboyLover_Hybrid,11600.0,43.75,Sell,GULF,2025-11-11 14:03:25
ORD01286,FemboyLover_Hybrid,11600.0,43.25,Buy,GULF,2025-11-11 14:03:27
ORD01287,FemboyLover_Hybrid,11600.0,43.75,Sell,GULF,2025-11-11 14:04:15
ORD01288,FemboyLover_Hybrid,11600.0,43.25,Buy,GULF,2025-11-11 14:04:16
ORD01289,FemboyLover_Hybrid,25000.0,19.9,Sell,PTTGC,2025-11-11 16:25:06
ORD01290,FemboyLover_Hybrid,11600.0,43.75,Sell,GULF,2025-11-11 14:05:09
ORD01291,FemboyLover_Hybrid,11600.0,43.25,Buy,GULF,2025-11-11 14:05:32
ORD01292,FemboyLover_Hybrid,11600.0,43.75,Sell,GULF,2025-11-11 14:06:13
ORD01293,FemboyLover_Hybrid,11600.0,43.25,Buy,GULF,2025-11-11 14:06:30
ORD01294,FemboyLover_Hybrid,11600.0,43.75,Sell,GULF,2025-11-11 14:06:48
ORD01295,FemboyLover_Hybrid,11600.0,43.25,Buy,GULF,2025-11-11 14:06:57
ORD01296,FemboyLover_Hybrid,11600.0,43.75,Sell,GULF,2025-11-11 14:07:48
ORD01297,FemboyLover_Hybrid,11600.0,43.25,Buy,GULF,2025-11-11 14:07:49
ORD01298,FemboyLover_Hybrid,11600.0,43.75,Sell,GULF,2025-11-11 14:07:52
ORD01299,FemboyLover_Hybrid,11600.0,43.25,Buy,GULF,2025-11-11 14:07:53
ORD01300,FemboyLover_Hybrid,11600.0,43.75,Sell,GULF,2025-11-11 14:08:25
ORD01301,FemboyLover_Hybrid,11600.0,43.25,Buy,GULF,2025-11-11 14:08:37
ORD01302,FemboyLover_Hybrid,11600.0,43.75,Sell,GULF,2025-11-11 14:09:27
ORD01303,FemboyLover_Hybrid,11600.0,43.25,Buy,GULF,2025-11-11 14:09:39
ORD01304,FemboyLover_Hybrid,11600.0,43.75,Sell,GULF,2025-11-11 14:09:55
ORD01305,FemboyLover_Hybrid,11600.0,43.25,Buy,GULF,2025-11-11 14:09:59
ORD01306,FemboyLover_Hybrid,11600.0,43.75,Sell,GULF,2025-11-11 14:10:51
ORD01307,FemboyLover_Hybrid,11600.0,43.25,Buy,GULF,2025-11-11 14:11:10
ORD01308,FemboyLover_Hybrid,11600.0,43.75,Sell,GULF,2025-11-11 14:13:01
ORD01309,FemboyLover_Hybrid,11600.0,43.25,Buy,GULF,2025-11-11 14:13:10
ORD01310,FemboyLover_Hybrid,11600.0,43.75,Sell,GULF,2025-11-11 14:16:19
ORD01311,FemboyLover_Hybrid,11600.0,43.25,Buy,GULF,2025-11-11 14:16:25
ORD01312,FemboyLover_Hybrid,11600.0,43.75,Sell,GULF,2025-11-11 14:16:49
ORD01313,FemboyLover_Hybrid,11600.0,43.25,Buy,GULF,2025-11-11 14:16:55
ORD01314,FemboyLover_Hybrid,11600.0,43.75,Sell,GULF,2025-11-11 14:16:59
ORD01315,FemboyLover_Hybrid,11600.0,43.25,Buy,GULF,2025-11-11 14:17:11
ORD01316,FemboyLover_Hybrid,11600.0,43.75,Sell,GULF,2025-11-11 14:17:50
ORD01317,FemboyLover_Hybrid,11600.0,43.25,Buy,GULF,2025-11-11 14:17:51
ORD01318,FemboyLover_Hybrid,11600.0,43.75,Sell,GULF,2025-11-11 14:18:46
ORD01319,FemboyLover_Hybrid,11600.0,43.25,Buy,GULF,2025-11-11 14:18:58
ORD01320,FemboyLover_Hybrid,11600.0,43.75,Sell,GULF,2025-11-11 14:19:07
ORD01321,FemboyLover_Hybrid,11600.0,43.25,Buy,GULF,2025-11-11 14:19:36
ORD01322,FemboyLover_Hybrid,11600.0,43.75,Sell,GULF,2025-11-11 14:19:37
ORD01323,FemboyLover_Hybrid,11600.0,43.25,Buy,GULF,2025-11-11 14:19:38
ORD01324,FemboyLover_Hybrid,11600.0,43.75,Sell,GULF,2025-11-11 14:19:39
ORD01325,FemboyLover_Hybrid,11600.0,43.25,Buy,GULF,2025-11-11 14:19:42
ORD01326,FemboyLover_Hybrid,11600.0,43.75,Sell,GULF,2025-11-11 14:19:49
ORD01327,FemboyLover_Hybrid,11600.0,43.25,Buy,GULF,2025-11-11 14:19:50
ORD01328,FemboyLover_Hybrid,11600.0,43.75,Sell,GULF,2025-11-11 14:19:52
ORD01329,FemboyLover_Hybrid,11600.0,43.25,Buy,GULF,2025-11-11 14:19:58
ORD01330,FemboyLover_Hybrid,11600.0,43.75,Sell,GULF,2025-11-11 14:19:58
ORD01331,FemboyLover_Hybrid,11600.0,43.25,Buy,GULF,2025-11-11 14:20:09
ORD01332,FemboyLover_Hybrid,11600.0,43.75,Sell,GULF,2025-11-11 14:20:09
ORD01333,FemboyLover_Hybrid,11600.0,43.25,Buy,GULF,2025-11-11 14:20:41
ORD01334,FemboyLover_Hybrid,11600.0,43.75,Sell,GULF,2025-11-11 14:20:46
ORD01335,FemboyLover_Hybrid,11600.0,43.25,Buy,GULF,2025-11-11 14:20:47
ORD01336,FemboyLover_Hybrid,11600.0,43.75,Sell,GULF,2025-11-11 14:21:47
ORD01337,FemboyLover_Hybrid,11600.0,43.25,Buy,GULF,2025-11-11 14:21:47
ORD01338,FemboyLover_Hybrid,11600.0,43.75,Sell,GULF,2025-11-11 14:21:47
ORD01339,FemboyLover_Hybrid,11600.0,43.25,Buy,GULF,2025-11-11 14:21:59
ORD01340,FemboyLover_Hybrid,11600.0,43.75,Sell,GULF,2025-11-11 14:22:12
ORD01341,FemboyLover_Hybrid,11600.0,43.25,Buy,GULF,2025-11-11 14:22:35
ORD01342,FemboyLover_Hybrid,11600.0,43.75,Sell,GULF,2025-11-11 14:23:49
ORD01343,FemboyLover_Hybrid,11600.0,43.25,Buy,GULF,2025-11-11 14:24:04
ORD01344,FemboyLover_Hybrid,11600.0,43.75,Sell,GULF,2025-11-11 14:24:32
ORD01345,FemboyLover_Hybrid,11600.0,43.25,Buy,GULF,2025-11-11 14:24:47
ORD01346,FemboyLover_Hybrid,11600.0,43.75,Sell,GULF,2025-11-11 14:25:29
ORD01347,FemboyLover_Hybrid,11600.0,43.25,Buy,GULF,2025-11-11 14:25:32
ORD01348,FemboyLover_Hybrid,11600.0,43.75,Sell,GULF,2025-11-11 14:26:54
ORD01349,FemboyLover_Hybrid,11600.0,43.25,Buy,GULF,2025-11-11 14:26:56
ORD01350,FemboyLover_Hybrid,11600.0,43.75,Sell,GULF,2025-11-11 14:28:16
ORD01351,FemboyLover_Hybrid,11600.0,43.25,Buy,GULF,2025-11-11 14:28:19
ORD01352,FemboyLover_Hybrid,11600.0,43.75,Sell,GULF,2025-11-11 14:29:24
ORD01353,FemboyLover_Hybrid,11600.0,43.25,Buy,GULF,2025-11-11 14:29:27
ORD01354,FemboyLover_Hybrid,27700.0,18.1,Buy,BDMS,2025-11-11 14:31:57
ORD01355,FemboyLover_Hybrid,27700.0,18.9,Sell,BDMS,2025-11-11 14:31:57
ORD01356,FemboyLover_Hybrid,11600.0,43.75,Sell,GULF,2025-11-11 14:30:43
ORD01357,FemboyLover_Hybrid,27700.0,18.1,Buy,BDMS,2025-11-11 14:31:57
ORD01358,FemboyLover_Hybrid,11600.0,43.25,Buy,GULF,2025-11-11 14:30:49
ORD01359,FemboyLover_Hybrid,27700.0,18.9,Sell,BDMS,2025-11-11 14:31:57
ORD01360,FemboyLover_Hybrid,27700.0,18.1,Buy,BDMS,2025-11-11 14:31:57
ORD01361,FemboyLover_Hybrid,11600.0,43.75,Sell,GULF,2025-11-11 14:31:16
ORD01362,FemboyLover_Hybrid,27700.0,18.9,Sell,BDMS,2025-11-11 14:31:57
ORD01363,FemboyLover_Hybrid,11600.0,43.25,Buy,GULF,2025-11-11 14:31:23
ORD01364,FemboyLover_Hybrid,27700.0,18.1,Buy,BDMS,2025-11-11 14:31:57
ORD01365,FemboyLover_Hybrid,27700.0,18.9,Sell,BDMS,2025-11-11 14:31:57
ORD01366,FemboyLover_Hybrid,11600.0,43.75,Sell,GULF,2025-11-11 14:33:12
ORD01367,FemboyLover_Hybrid,11600.0,43.25,Buy,GULF,2025-11-11 14:33:13
ORD01368,FemboyLover_Hybrid,11600.0,43.75,Sell,GULF,2025-11-11 14:34:26
ORD01369,FemboyLover_Hybrid,11600.0,43.25,Buy,GULF,2025-11-11 14:34:27
ORD01370,FemboyLover_Hybrid,11600.0,43.75,Sell,GULF,2025-11-11 14:35:30
ORD01371,FemboyLover_Hybrid,11600.0,43.25,Buy,GULF,2025-11-11 14:35:44
ORD01372,FemboyLover_Hybrid,11600.0,43.75,Sell,GULF,2025-11-11 14:35:54
ORD01373,FemboyLover_Hybrid,11600.0,43.25,Buy,GULF,2025-11-11 14:36:18
ORD01374,FemboyLover_Hybrid,11600.0,43.75,Sell,GULF,2025-11-11 14:36:49
ORD01375,FemboyLover_Hybrid,11600.0,43.25,Buy,GULF,2025-11-11 14:37:01
ORD01376,FemboyLover_Hybrid,11600.0,43.75,Sell,GULF,2025-11-11 14:37:08
ORD01377,FemboyLover_Hybrid,11600.0,43.25,Buy,GULF,2025-11-11 14:37:24
ORD01378,FemboyLover_Hybrid,11600.0,43.75,Sell,GULF,2025-11-11 14:37:35
ORD01379,FemboyLover_Hybrid,11600.0,43.25,Buy,GULF,2025-11-11 14:37:45
